@inproceedings{DAmbrosia2015,
    title = {{100 Gigabit Ethernet and Beyond}},
    year = {2015},
    booktitle = {IEEE Communications Magazine},
    author = {D'Ambrosia, John},
    number = {3},
    pages = {6--12},
    volume = {48},
    doi = {10.1109/MCOM.2010.5434372},
    issn = {01636804},
    keywords = {400G Enet}
}

@article{Wood2015,
    title = {{2-D Magnetic Recording: Progress and Evolution}},
    year = {2015},
    journal = {IEEE Trans. Magn.},
    author = {Wood, Roger and Galbraith, Rick and Coker, Jonathan},
    number = {4},
    pages = {1--7},
    volume = {51},
    url = {http://ieeexplore.ieee.org/lpdocs/epic03/wrapper.htm?arnumber=7109980},
    doi = {10.1109/TMAG.2014.2354632},
    issn = {0018-9464},
    keywords = {2-D magnetic recording (TDMR), 2D magnetic recording, 2D read-back signals, Equalizers, Head, Interference, Kernel, Magnetic heads, Magnetic recording, Noise, areal-density, data detection, data detector, dual-reader gains, equalisers, equalization, hard disk drive (HDD), inter-track interference, magnetic components, magnetic recording, off-track positions, perpendicular magnetic recording, recording electronics, shingled magnetic recording (SMR), shingled magnetic recording tracks, shingled recording, single reader, stacked two-element reader, track-pitches, two-input equalizer feeding, waveforms}
}

@article{Furrer2017,
    title = {{201 Gb/inÂ² Recording Areal Density on Sputtered Magnetic Tape}},
    year = {2017},
    journal = {IEEE Transactions on Magnetics},
    author = {Furrer, Simeon and Lantz, Mark A. and Reininger, Peter and Pantazi, Angeliki and Rothuizen, Hugo E. and Cideciyan, Roy D. and Cherubini, Giovanni and Haeberle, Walter and Eleftheriou, Evangelos and Tachibana, Junichi and Sekiguchi, Noboru and Aizawa, Takashi and Endo, Tetsuo and Ozaki, Tomoe and Sai, Teruo and Hiratsuka, Ryoichi and Mitamura, Satoshi and Yamaguchi, Atsushi},
    pages = {1--1},
    url = {http://ieeexplore.ieee.org/document/7984852/},
    doi = {10.1109/TMAG.2017.2727822},
    issn = {0018-9464}
}

@inproceedings{Ambrosia2016,
    title = {{2016 Ethernet Roadmap}},
    year = {2016},
    author = {Ambrosia, John D and Kipp, Scott G},
    keywords = {2016, 400G, ethernet, roadmap}
}

@misc{Wei2015,
    title = {{400 Gigabit Ethernet using advanced modulation formats: Performance, complexity, and power dissipation}},
    year = {2015},
    booktitle = {IEEE Communications Magazine},
    author = {Wei, Jinlong and Cheng, Qixiang and Penty, Richard V. and White, Ian H. and Cunningham, David G.},
    doi = {10.1109/MCOM.2015.7045407},
    issn = {01636804}
}

@article{Mooney,
    title = {{400GbE Core Routing Implementation}},
    author = {Mooney, Paul and Garcia, Gilles}
}

@article{Xilinx,
    title = {{400GbE Standards Update}},
    author = {Xilinx, Mark Gustlin}
}

@article{Ji2011,
    title = {{40Gbps multi-connection TCP/IP offload engine}},
    year = {2011},
    journal = {2011 Int. Conf. Wirel. Commun. Signal Process. WCSP 2011},
    author = {Ji, Yong and Hu, Qing Sheng},
    pages = {1--5},
    publisher = {IEEE},
    isbn = {9781457710100},
    doi = {10.1109/WCSP.2011.6096913},
    keywords = {FPGA, Multi connections, TCP/IP offload engine}
}

@inproceedings{Summit,
    title = {{40GE : Petabyte scale enterprise grade for demanding cloud applications}},
    author = {Raman, Renu},
    keywords = {Raman2015PbScale}
}

@misc{getopt,
    title = {{<unistd.h> getopt()}},
    author = {{Opengroup}},
    url = {http://pubs.opengroup.org/onlinepubs/7908799/xsh/getopt.html}
}

@article{Brady2013,
    title = {{A case study and critical assessment in calculating power usage effectiveness for a data centre}},
    year = {2013},
    journal = {Energy Conversion and Management},
    author = {Brady, Gemma A. and Kapur, Nikil and Summers, Jonathan L. and Thompson, Harvey M.},
    pages = {155--161},
    volume = {76},
    publisher = {Elsevier Ltd},
    url = {http://dx.doi.org/10.1016/j.enconman.2013.07.035},
    doi = {10.1016/j.enconman.2013.07.035},
    issn = {01968904},
    keywords = {Data center, Efficiency, Metric, PUE, Power}
}

@inproceedings{Jiang2016,
    title = {{A Comparative Evaluation of Approximate Multipliers}},
    year = {2016},
    author = {Jiang, Honglan and Liu, Cong and Maheshwari, Naman and Lombardi, Fabrizio and Han, Jie},
    pages = {191--196},
    isbn = {9781450343305},
    doi = {10.1145/2950067.2950068},
    keywords = {Accuracy, Approximate computing, Multiplier}
}

@article{Canny1986,
    title = {{A computational approach to edge detection.}},
    year = {1986},
    journal = {IEEE transactions on pattern analysis and machine intelligence},
    author = {Canny, J},
    number = {6},
    pages = {679--698},
    volume = {8},
    isbn = {978-1-4244-7657-2},
    doi = {10.1109/TPAMI.1986.4767851},
    issn = {0162-8828},
    pmid = {21869365}
}

@article{Yuventi2013,
    title = {{A critical analysis of Power Usage Effectiveness and its use in communicating data center energy consumption}},
    year = {2013},
    journal = {Energy and Buildings},
    author = {Yuventi, Jumie and Mehdizadeh, Roshan},
    pages = {90--94},
    volume = {64},
    publisher = {Elsevier B.V.},
    url = {http://dx.doi.org/10.1016/j.enbuild.2013.04.015},
    isbn = {0378-7788},
    doi = {10.1016/j.enbuild.2013.04.015},
    issn = {03787788},
    keywords = {Building rating systems, Data centers, Energy efficiency metrics, Power Usage Effectiveness}
}

@article{Zhou2013,
    title = {{A generic linux CPUFreq driver for ARM SoCs}},
    year = {2013},
    journal = {International Journal of Online Engineering},
    author = {Zhou, Lei and Lv, Qiang and Guo, Shengchao},
    number = {SPECIALISSUE.6},
    pages = {29--32},
    volume = {9},
    doi = {10.3991/ijoe.v9iS6.2797},
    issn = {18681646},
    keywords = {ARM, CPUFreq, DVFS, I.MX6 Quad}
}

@article{Batni2014,
    title = {{A NEW MULTI-TIERED SOLID STATE DISK USING SLC / MLC COMBINED FLASH MEMORY}},
    year = {2014},
    journal = {International journal of Computer science, engineering and Information Technology},
    author = {Batni, Arash and Safaei, Farshad},
    number = {2},
    pages = {11--23},
    volume = {4},
    keywords = {FTL, Flash, MLC, SLC, SSD, cost comparison}
}

@article{Kockanat2015,
    title = {{A novel 2D-ABC adaptive filter algorithm: A comparative study}},
    year = {2015},
    journal = {DSP},
    author = {Kockanat, Serdar and Karaboga, Nurhan},
    pages = {140--153},
    volume = {40},
    publisher = {Elsevier Inc.},
    url = {http://dx.doi.org/10.1016/j.dsp.2015.02.010},
    doi = {10.1016/j.dsp.2015.02.010},
    issn = {10512004},
    pmid = {2666277},
    keywords = {2D FIR digital filter, Adaptive filter algorithm, Artificial bee colony algorithm, Image denoising, Optimization}
}

@article{Zhang2011,
    title = {{A Novel Power Delivery Method for Asynchronous Loads in Energy Harvesting Systems}},
    year = {2011},
    journal = {2011 17th IEEE International Symposium on Asynchronous Circuits and Systems},
    author = {Zhang, Xuefu and Shang, Delong and Xia, Fei and Yakovlev, Alex},
    number = {4},
    month = {12},
    pages = {89--98},
    volume = {7},
    publisher = {ACM},
    url = {http://ieeexplore.ieee.org/document/5770572/ http://dl.acm.org/citation.cfm?id=2043643.2043646},
    isbn = {978-1-61284-973-7},
    doi = {10.1109/ASYNC.2011.16},
    issn = {15504832},
    keywords = {Switched capacitor DC/DC converter, asynchronous circuits, capacitor bank, energy harvesting, intelligent task and power scheduling, piezoelectric element}
}

@article{Vassiliadis2014,
    title = {{A Programming Model and Runtime System for Significance-Aware Energy-Efficient Computing}},
    year = {2014},
    author = {Vassiliadis, Vassilis and Parasyris, Konstantinos and Chalios, Charalambos and Antonopoulos, Christos D. and Lalis, Spyros and Bellas, Nikolaos and Vandierendonck, Hans and Nikolopoulos, Dimitrios S.},
    url = {http://arxiv.org/abs/1412.5150},
    isbn = {9781450332057},
    doi = {10.1145/2688500.2688546},
    issn = {0362-1340},
    arxivId = {1412.5150},
    keywords = {approximate computing, controlled, energy saving, programming model, quality degradation, runtime system eval-}
}

@article{Nane2016,
    title = {{A Survey and Evaluation of FPGA High-Level Synthesis Tools}},
    year = {2016},
    journal = {IEEE Transactions on Computer-Aided Design of Integrated Circuits and Systems},
    author = {Nane, Razvan and Sima, Vlad Mihai and Pilato, Christian and Choi, Jongsok and Fort, Blair and Canis, Andrew and Chen, Yu Ting and Hsiao, Hsuan and Brown, Stephen and Ferrandi, Fabrizio and Anderson, Jason and Bertels, Koen},
    isbn = {0278-0070 VO - PP},
    doi = {10.1109/TCAD.2015.2513673},
    issn = {02780070},
    keywords = {Bambu, Dwarv, LegUp, Survey, comparison, evaluation, field-programmable gate array (FPGA), high-level synthesis (HLS)}
}

@article{MITTAL2013,
    title = {{A Survey of Techniques for Approximate Computing}},
    year = {2016},
    journal = {ACM Computing Surveys},
    author = {Mittal, SPARSH},
    number = {4},
    pages = {1--33},
    volume = {48},
    url = {http://dl.acm.org/citation.cfm?doid=2891449.2893356},
    isbn = {9788578110796},
    doi = {10.1145/2893356},
    issn = {03600300},
    pmid = {25246403},
    arxivId = {arXiv:1011.1669v3},
    keywords = {CPU, FPGA, GPU, Review, Survey, Techniques, approx- imate storage, approximate computing technique (ACT), classification, icle, neural networks, quality configurability}
}

@article{Mittal2016,
    title = {{A Survey of Techniques for Architecting Processor Components Using Domain-Wall Memory}},
    year = {2016},
    journal = {ACM Journal on Emerging Technologies in Computing Systems},
    author = {Mittal, Sparsh},
    number = {2},
    pages = {1--25},
    volume = {13},
    url = {http://dl.acm.org/citation.cfm?doid=3014160.2994550},
    doi = {10.1145/2994550},
    issn = {15504832}
}

@article{Mittal2017,
    title = {{A Survey of Techniques for Improving Security of GPUs}},
    year = {2017},
    author = {Mittal, Sparsh and Abhinaya, S B and Reddy, Manish and Ali, Irfan},
    pages = {1--19},
    url = {https://arxiv.org/pdf/1804.00114.pdf},
    arxivId = {1804.00114},
    keywords = {Index Terms GPU, buffer overflow, covert channel, encryption, information leakage, malware, review, security, side-channel}
}

@article{Moreau2018,
    title = {{A Taxonomy of General Purpose Approximate Computing Techniques}},
    year = {2018},
    journal = {IEEE Embedded Systems Letters},
    author = {Moreau, Thierry and San Miguel, Joshua and Wyse, Mark and Bornholt, James and Alaghi, Armin and Ceze, Luis and Enright Jerger, Natalie and Sampson, Adrian},
    number = {1},
    volume = {10},
    doi = {10.1109/LES.2017.2758679},
    issn = {19430663}
}

@article{Sjalander2014,
    title = {{A tunable cache for approximate computing}},
    year = {2014},
    journal = {Proceedings of the 2014 IEEE/ACM International Symposium on Nanoscale Architectures, NANOARCH 2014Magnus Sjalander, Nina Shariati Nilsson, and Stefanos Kaxiras. 2014. A tunable cache for approximate computing. Proc. 2014 IEEE/ACM Int. Symp. Nanoscale Arch},
    author = {Sjalander, Magnus and Nilsson, Nina Shariati and Kaxiras, Stefanos},
    number = {2},
    pages = {88--89},
    isbn = {9781479963836},
    doi = {10.1109/NANOARCH.2014.6880480}
}

@article{Mallela,
    title = {{A Unified Synchronization Solution for Ethernet}},
    author = {Mallela, Chandra}
}

@article{Wang2002,
    title = {{A Universal Image Quality Index}},
    year = {2002},
    journal = {IEEE Trans. on Signal Processing Letters},
    author = {Wang, Zhou and Bovik, A C},
    number = {4},
    pages = {81--84},
    volume = {9},
    url = {http://ieeexplore.ieee.org/xpl/articleDetails.jsp?arnumber=995823},
    isbn = {1070-9908},
    doi = {10.1109/97.995823},
    issn = {1070-9908},
    keywords = {Distortion measurement, Dynamic range, Humans, Image quality, MATLAB implementation, Mathematical model, PSNR, Signal to noise ratio, Testing, Visual system, contrast distortion, image distortion, image processing, image processing applications, loss of correlation, luminance distortion, universal image quality index}
}

@article{Duraisamy,
    title = {{Accelerating Graph Community Detection with Approximate Updates via an Energy-Efficient NoC}},
    author = {Duraisamy, Karthi and Lu, Hao},
    keywords = {graph community detection, wireless network-on-chip}
}

@article{Summit2015aONHighlights,
    title = {{ACG RESEARCH Optical Networking 4Q WW Highlights}},
    year = {2015},
    author = {Summit, Ethernet}
}

@inproceedings{yang2015adaptive,
    title = {{Adaptive energy minimization of embedded heterogeneous systems using regression-based learning}},
    year = {2015},
    booktitle = {Power Timing Model. Optim. Simul. (PATMOS), 2015 25th Int. Work.},
    author = {Yang, Sheng and Shafik, Rishad A and Merrett, Geoff V and Stott, Edward and Levine, Joshua M and Davis, James and Al-Hashimi, Bashir M},
    pages = {103--110},
    organization = {IEEE}
}

@article{Connors2013,
    title = {{Adaptive OpenCL ( ACL ) Execution in GPU Architectures}},
    year = {2013},
    author = {Connors, Dan and Dunn, Kyle and Wiencrot, Jeff},
    isbn = {9781450320221}
}

@inproceedings{sinha2000algorithmic,
    title = {{Algorithmic transforms for efficient energy scalable computation}},
    year = {2000},
    booktitle = {Proceedings of the 2000 international symposium on Low power electronics and design},
    author = {Sinha, Amit and Wang, Alice and Anantha, P and Chandrakasan, Anantha P and Anantha, P and Chandrakasan, Anantha P},
    number = {i},
    pages = {31--36},
    organization = {ACM}
}

@article{Ii2011,
    title = {{Altera Monitor Program Tutorial Installing the Monitor Program}},
    year = {2011},
    journal = {Program},
    author = {Ii, For Quartus and Program, Altera Monitor and Ii, Nios and Program, Monitor and Program, The Monitor and Windows, Microsoft and Uart, Jtag and Ii, Develop Nios and Ab-, Hardware and De, Altera and Ii, Quartus and Design, Embedded},
    number = {May},
    pages = {1--39}
}

@misc{BillJenkinsAltera,
    title = {{Altera OpenCL Overview webcast}},
    author = {{Bill Jenkins (Altera)}},
    url = {https://www.altera.com/webcasts/opencl-overview/presentation.html?utm_source=Altera&utm_medium=webinar&utm_campaign=OpenCL_15_0&utm_content=NA_OpenCL_Overview_Tutorial}
}

@article{Altera2014,
    title = {{Altera SoC Embedded Design Suite User Guide}},
    year = {2014},
    author = {{Altera}},
    pages = {159},
    url = {http://www.altera.com/literature/ug/ug_soc_eds.pdf}
}

@article{Tagliavini2016,
    title = {{Always-on motion detection with application-level error control on a near-threshold approximate computing platform}},
    year = {2016},
    journal = {2016 IEEE International Conference on Electronics, Circuits and Systems, ICECS 2016},
    author = {Tagliavini, Giuseppe and Marongiu, Andrea and Rossi, Davide and Benini, Luca},
    pages = {552--555},
    publisher = {IEEE},
    isbn = {9781509061136},
    doi = {10.1109/ICECS.2016.7841261}
}

@article{Macri2015,
    title = {{AMD ' s Next Generation GPU and High Bandwidth Memory Architecture : FURY}},
    year = {2015},
    author = {Macri, Joe and Officer, Chief Technology},
    number = {August}
}

@article{Schaffner2014,
    title = {{An Approximate Computing Technique for Reducing the Complexity of a Direct-Solver for Sparse Linear Systems in Real-Time Video Processing Sparse Linear Systems in Image and Video}},
    year = {2014},
    journal = {DAC},
    author = {Schaffner, Michael and G{\"{u}}rkaynak, Frank K and Smolic, Aljosa and Kaeslin, Hubert and Benini, Luca},
    pages = {1--6},
    isbn = {9781450327305},
    keywords = {approxi-, cholesky decomposition, hardware accelerator, mate computing, video processing}
}

@article{Bania2018,
    title = {{An effective supervised filter based feature selection algorithm using rough set theory}},
    year = {2018},
    journal = {2017 International Conference on Energy, Communication, Data Analytics and Soft Computing, ICECDS 2017Bania2018},
    author = {Bania, Rubul Kumar},
    pages = {2309--2314},
    isbn = {9781538618868},
    doi = {10.1109/ICECDS.2017.8389865},
    keywords = {Feature selection, Filter, Lower approximate, Rough Set, Significance}
}

@article{Wang2016,
    title = {{An energy-efficient system on a programmable chip platform for cloud applications}},
    year = {2016},
    journal = {Journal of Systems Architecture},
    author = {Wang, Xu and Zhu, Yongxin and Ha, Yajun and Qiu, Meikang and Huang, Tian and Si, Xueming and Wu, Jiangxing},
    pages = {1--16},
    volume = {0},
    publisher = {Elsevier B.V.},
    url = {http://dx.doi.org/10.1016/j.sysarc.2016.11.009},
    doi = {10.1016/j.sysarc.2016.11.009},
    issn = {13837621},
    keywords = {Cloud computing, ECG classification, FPGA, Performanc, Performance analysis, Reconfigurable architectures, Web server}
}

@article{Rusci2016,
    title = {{An Event-Driven Ultra-Low-Power Smart Visual Sensor}},
    year = {2016},
    journal = {IEEE Sensors Journal},
    author = {Rusci, Manuele and Rossi, Davide and Lecca, Michela and Gottardi, Massimo and Farella, Elisabetta and Benini, Luca},
    number = {13},
    pages = {5344--5353},
    volume = {16},
    publisher = {IEEE},
    isbn = {1530-437X VO - 16},
    doi = {10.1109/JSEN.2016.2556421},
    issn = {1530437X},
    keywords = {Embedded System, Event-Driven, PULP, Smart Visual Sensor}
}

@article{Tatchell-Evans2015,
    title = {{An experimental and theoretical investigation of the extent of bypass air within data centres employing aisle containment, and its impact on power consumption}},
    year = {2015},
    journal = {Applied Energy},
    author = {Tatchell-Evans, Morgan and Kapur, Nik and Summers, Jonathan and Thompson, Harvey and Oldham, Dan},
    pages = {457--469},
    volume = {186},
    publisher = {The Authors},
    url = {http://dx.doi.org/10.1016/j.apenergy.2016.03.076},
    doi = {10.1016/j.apenergy.2016.03.076},
    issn = {03062619},
    keywords = {Aisle containment, Bypass air, Data centre, Energy efficiency, System model, Thermal management}
}

@article{MacMillen2000,
    title = {{An industrial view of electronic design automation}},
    year = {2000},
    journal = {IEEE Transactions on Computer-Aided Design of Integrated Circuits and Systems},
    author = {MacMillen, Don},
    number = {12},
    pages = {1428--1447},
    volume = {19},
    isbn = {0278-0070},
    doi = {10.1109/43.898825},
    issn = {02780070},
    keywords = {Emulation, Formal verification, High-level synthesis, Logic synthesis, Physical synthesis, Placement, RTL synthesis, Routing, Simulation, Simulation acceleration, Testing, Verification}
}

@article{Tompson2012,
    title = {{An Introduction to the OpenCL Programming Model}},
    year = {2012},
    journal = {Digital version available here},
    author = {Tompson, Jonathan and Schlachter, Kristofer},
    url = {http://www.cs.nyu.edu/~lerner/spring12/Preso07-OpenCL.pdf},
    keywords = {barrier synchronization, matrix multiply, opencl}
}

@article{Chippa2013Analysis,
    title = {{Analysis and characterization of inherent application resilience for approximate computing}},
    year = {2013},
    journal = {Proceedings of the 50th Annual Design Automation Conference on - DAC '13},
    author = {Chippa, Vinay K. and Chakradhar, Srimat T. and Roy, Kaushik and Raghunathan, Anand},
    number = {i},
    pages = {1},
    url = {http://dl.acm.org/citation.cfm?doid=2463209.2488873},
    isbn = {9781450320719},
    doi = {10.1145/2463209.2488873},
    issn = {0738100X},
    keywords = {approximate computing, inherent application resilience, re-, silience characterization}
}

@article{Roberts1996,
    title = {{Analysis of error-correction constraints in an optical disk.}},
    year = {1996},
    journal = {Applied optics},
    author = {Roberts, J D and Ryley, A and Jones, D M and Burke, D},
    number = {20},
    pages = {3915--3924},
    volume = {35},
    doi = {10.1364/AO.35.003915},
    issn = {0003-6935 (Print)},
    pmid = {21102793}
}

@misc{beckett1998apparatus,
    title = {{Apparatus and method for digital camera and recorder having a high resolution color composite image output}},
    year = {1998},
    author = {Beckett, John Patrick},
    publisher = {Google Patents},
    url = {https://patents.google.com/patent/WO1997046001A1/en?q=digital+camera+and+recorder&assignee=Beckett},
    keywords = {WO1997046001A1}
}

@misc{SkyVideo,
    title = {{Application of Adaptive Approximate Image Significance}},
    author = {Burke, Dave},
    url = {https://youtu.be/rx6hIXdVcI4}
}

@article{Gandhi2015,
    title = {{Applying Hyper-scale Networking Principles to Normal-Scale Data Centers}},
    year = {2015},
    author = {Gandhi, Prashant},
    number = {April},
    pages = {1--31}
}

@article{RodriguezArreola2015,
    title = {{Approaches to Transient Computing for Energy Harvesting Systems}},
    year = {2015},
    journal = {Proceedings of the 3rd International Workshop on Energy Harvesting {\&} Energy Neutral Sensing Systems - ENSsys '15},
    author = {Rodriguez Arreola, Alberto and Balsamo, Domenico and Das, Anup K. and Weddell, Alex S. and Brunelli, Davide and Al-Hashimi, Bashir M. and Merrett, Geoff V.},
    pages = {3--8},
    url = {http://dl.acm.org/citation.cfm?doid=2820645.2820652},
    isbn = {9781450338370},
    doi = {10.1145/2820645.2820652},
    keywords = {checkpoint, hibernus, iot, mementos, quickrecall}
}

@article{Zhang2015ApproxANN,
    title = {{ApproxANN: An Approximate Computing Framework for Artificial Neural Network}},
    year = {2015},
    journal = {Des. Autom. Test Eur. Conf. Exhib. (DATE), 2015},
    author = {Zhang, Qian and Wang, Ting and Tian, Ye and Yuan, Feng and Xu, Qiang},
    number = {ii},
    pages = {701--706},
    volume = {2015-},
    url = {http://ieeexplore.ieee.org/xpl/articleDetails.jsp?arnumber=7092478},
    isbn = {9783981537048},
    doi = {10.7873/DATE.2015.0618},
    issn = {15301591}
}

@article{Goiri2015,
    title = {{ApproxHadoop: Bringing Approximations to MapReduce Frameworks}},
    year = {2015},
    journal = {ACM SIGPLAN Notices},
    author = {Goiri, Inigo and Bianchini, Ricardo and Nagarakatte, Santosh and Nguyen, Thu D.},
    number = {4},
    pages = {383--397},
    volume = {50},
    url = {http://dl.acm.org/citation.cfm?doid=2694344.2694351%0Ahttp://dl.acm.org/citation.cfm?doid=2694344.2694351},
    isbn = {978-1-4503-2835-7},
    doi = {10.1145/2694344.2694351},
    issn = {0362-1340},
    keywords = {MapReduce, approximation, extreme value theory, multi-stage sampling}
}

@article{Rahimi2015,
    title = {{Approximate Associative Memristive Memory for Energy-Efficient GPUs}},
    year = {2015},
    journal = {Design, Automation, and Test in Europe Conference {\&} Exhibition (DATE)},
    author = {Rahimi, Abbas and Ghofrani, Amirali and Cheng, Kwang-ting and Benini, Luca and Gupta, Rajesh K},
    pages = {1497--1502},
    isbn = {9783981537048},
    doi = {10.7873/DATE.2015.0579},
    issn = {15301591}
}

@inproceedings{Sekanina2013,
    title = {{Approximate circuit design by means of evolvable hardware}},
    year = {2013},
    booktitle = {Proceedings of the 2013 IEEE International Conference on Evolvable Systems, ICES 2013 - 2013 IEEE Symposium Series on Computational Intelligence, SSCI 2013},
    author = {Sekanina, Lukas and Vasicek, Zdenek},
    isbn = {9781467358699},
    doi = {10.1109/ICES.2013.6613278}
}

@article{Sekanina2017,
    title = {{Approximate circuits in low-power image and video processing: The approximate median filter}},
    year = {2017},
    journal = {Radioengineering},
    author = {Sekanina, Lukas and Vasicek, Zdenek and Mrazek, Vojtech},
    number = {3},
    pages = {623--632},
    volume = {26},
    doi = {10.13164/re.2017.0623},
    issn = {12102512},
    keywords = {Approximate computing, Circuit design, Evolutionary computation, Image filter}
}

@article{Venkataramani2015ce,
    title = {{Approximate computing and the quest for computing efficiency}},
    year = {2015},
    journal = {Proceedings of the 52nd Annual Design Automation Conference on - DAC '15},
    author = {Venkataramani, Swagath and Chakradhar, Srimat T. and Roy, Kaushik and Raghunathan, Anand},
    pages = {1--6},
    url = {http://dl.acm.org/citation.cfm?id=2744769.2751163%5Cnhttp://dl.acm.org/citation.cfm?doid=2744769.2751163 http://dl.acm.org/citation.cfm?doid=2744769.2751163},
    isbn = {9781450335201},
    doi = {10.1145/2744769.2751163},
    issn = {0738100X}
}

@article{Xu2016,
    title = {{Approximate Computing: A Survey}},
    year = {2016},
    journal = {IEEE Des. Test},
    author = {Xu, Qiang and Mytkowicz, Todd and Kim, Nam Sung},
    number = {1},
    pages = {8--22},
    volume = {33},
    doi = {10.1109/MDAT.2015.2505723},
    issn = {21682356},
    keywords = {Approximate computing, Approximation methods, Computational modeling, Computer languages, Probabilistic logic, Runtime}
}

@inproceedings{han2013approximate,
    title = {{Approximate computing: An emerging paradigm for energy-efficient design}},
    year = {2013},
    booktitle = {Test Symposium (ETS), 2013 18th IEEE European},
    author = {Han, Jie and Orshansky, Michael},
    pages = {1--6},
    url = {http://ieeexplore.ieee.org/xpls/abs%7B_%7Dall.jsp?arnumber=6569370%0Ahttp://ieeexplore.ieee.org/xpls/abs%7B%25%7D7B%7B_%7D%7B%25%7D7Dall.jsp?arnumber=6569370},
    organization = {IEEE},
    isbn = {9781467363778},
    doi = {10.1109/ETS.2013.6569370},
    issn = {1530-1877},
    keywords = {adder, approximate computing, low-energy design, multiplier, probabilistic computing, stochastic computation}
}

@inproceedings{Chippa2013Correctness,
    title = {{Approximate computing: An integrated hardware approach}},
    year = {2013},
    booktitle = {Conference Record - Asilomar Conference on Signals, Systems and Computers},
    author = {Chippa, Vinay K. and Venkataramani, Swagath and Chakradhar, Srimat T. and Roy, Kaushik and Raghunathan, Anand},
    pages = {111--117},
    isbn = {9781479923908},
    doi = {10.1109/ACSSC.2013.6810241},
    issn = {10586393}
}

@article{Moreau2015,
    title = {{Approximate Computing: Making mobile systems more efficient}},
    year = {2015},
    journal = {IEEE Pervasive Computing},
    author = {Moreau, Thierry and Sampson, Adrian and Ceze, Luis},
    number = {2},
    pages = {9--13},
    volume = {14},
    doi = {10.1109/MPRV.2015.25},
    issn = {15361268},
    keywords = {ACCEPT, SNNAP, approximate computing, energy efficiency, green computing, mobile, pervasive computing}
}

@article{Almurib2018,
    title = {{Approximate DCT Image Compression Using Inexact Computing}},
    year = {2018},
    journal = {IEEE Transactions on Computers},
    author = {Almurib, Haider A.F. F and Kumar, Thulasiraman Nandha and Lombardi, Fabrizio},
    number = {2},
    pages = {149--159},
    volume = {67},
    doi = {10.1109/TC.2017.2731770},
    issn = {00189340},
    keywords = {Approximate computing, DCT, image compression, inexact computing}
}

@inproceedings{Ceska2017,
    title = {{Approximating complex arithmetic circuits with formal error guarantees: 32-bit multipliers accomplished}},
    year = {2017},
    booktitle = {IEEE/ACM International Conference on Computer-Aided Design, Digest of Technical Papers, ICCAD},
    author = {Ceska, Milan and Matyas, Jiri and Mrazek, Vojtech and Sekanina, Lukas and Vasicek, Zdenek and Vojnar, Tomas},
    volume = {2017-Novem},
    isbn = {9781538630938},
    doi = {10.1109/ICCAD.2017.8203807},
    issn = {10923152}
}

@article{Arm2013,
    title = {{ARM Cortex-A Series: Programmer's Guide}},
    year = {2013},
    author = {{Arm}},
    keywords = {Cortex-A}
}

@article{Guide2016,
    title = {{ARM {\textregistered} Mali â¢ GPU OpenCL}},
    year = {2016},
    author = {Guide, Developer},
    pages = {2015--2017}
}

@article{ARM-PSA2017,
    title = {{Arm {\textregistered} Platform Security Architecture Overview}},
    year = {2017},
    author = {Limited, Arm and {ARM Limited}},
    number = {October},
    pages = {1--18},
    volume = {1},
    url = {http://pages.arm.com/rs/312-SAX-488/images/PSA-Introductory-Architecture-Overview.pdf?mkt_tok=eyJpIjoiTW1SbVpUWmlORGswWVdNMiIsInQiOiJ4NWpNNk0rbHlRVW1LVWtnS3R2S2tIeE9yWEtpMTVpVUo0SCtwMGVWN0JKWkk3WkFRa2lKM2kyYW5BMGtucU92VDhHNzhhalJSMzE3cFNqc2hCb3dxNW1Eajc2Y}
}

@article{Guide2016b,
    title = {{ARM {\textregistered}Mali â¢ GPU OpenCL}},
    year = {2016},
    author = {Guide, Developer},
    pages = {2015--2017}
}

@article{ARM-PSA2017b,
    title = {{Arm {\textregistered}Platform Security Architecture Overview}},
    year = {2017},
    author = {Limited, Arm and {ARM Limited}},
    number = {October},
    pages = {1--18},
    volume = {1},
    url = {http://pages.arm.com/rs/312-SAX-488/images/PSA-Introductory-Architecture-Overview.pdf?mkt_tok=eyJpIjoiTW1SbVpUWmlORGswWVdNMiIsInQiOiJ4NWpNNk0rbHlRVW1LVWtnS3R2S2tIeE9yWEtpMTVpVUo0SCtwMGVWN0JKWkk3WkFRa2lKM2kyYW5BMGtucU92VDhHNzhhalJSMzE3cFNqc2hCb3dxNW1Eajc2Y}
}

@article{ARMLimited2014,
    title = {{ARMv7-A and ARMv7-R edition}},
    year = {2014},
    author = {{ARM Limited}},
    pages = {2004--2012},
    keywords = {ARM11MPCore, ARM7EJ-S, Classic, Cortex-A}
}

@incollection{Guide2017,
    title = {{ARM{\textregistered} Maliâ¢ GPU OpenCL Developer Guide}},
    year = {2017},
    author = {Guide, Developer},
    pages = {2015--2017},
    keywords = {Mali Developer Tools, Mali Graphics plus GPU Compute, Mali Software, Mali-T604, Mali-T624, Mali-T628, Mali-T760, OpenCL}
}

@article{Yazdanbakhsh2017,
    title = {{AxBench: A Multiplatform Benchmark Suite for Approximate Computing}},
    year = {2017},
    journal = {IEEE Design {\&} Test},
    author = {Yazdanbakhsh, A and Mahajan, D and Esmaeilzadeh, H and Lotfi-Kamran, P},
    number = {2},
    pages = {60--68},
    volume = {34},
    isbn = {2168-2356 VO - 34},
    doi = {10.1109/MDAT.2016.2630270},
    keywords = {Algorithm design and analysis, Approximate Computing, Approximate computing, Benchmark, Benchmark testing, CPU, Density measurement, GPU, Graphics processing units, Hardware Design, Measurement, Robots, Silicon}
}

@article{Becker2015,
    title = {{BIG DATA , BIG DATA QUALITY PROBLEM}},
    year = {2015},
    author = {Becker, David and Mcmullen, Bill and King, Trish Dunn},
    pages = {2644--2653},
    isbn = {9781479999262},
    keywords = {as well, big data, case studies for a, data, data quality, data quality problems, diverse set of big, domains, initiatives in different functional, of big data quality, returns to scale, team probed both traditional, the investigating}
}

@article{Vries2018,
    title = {{Bitcoin ' s Growing Energy Problem}},
    year = {2018},
    journal = {Joule},
    author = {Vries, Alex De},
    number = {5},
    pages = {801--805},
    volume = {2},
    publisher = {Elsevier Inc.},
    url = {https://doi.org/10.1016/j.joule.2018.04.016},
    doi = {10.1016/j.joule.2018.04.016},
    issn = {2542-4351}
}

@article{Vries2018b,
    title = {{Bitcoin â s Growing Energy Problem}},
    year = {2018},
    journal = {Joule},
    author = {Vries, Alex De},
    number = {5},
    pages = {801--805},
    volume = {2},
    publisher = {Elsevier Inc.},
    url = {https://doi.org/10.1016/j.joule.2018.04.016},
    doi = {10.1016/j.joule.2018.04.016},
    issn = {2542-4351}
}

@inproceedings{Shendar,
    title = {{Boosting SAN Performance Cheaply {\&} Easily}},
    author = {Shendar, Noam}
}

@article{ARMSecurityTechnology2008,
    title = {{Building a Secure System using {\{}TrustZone{\}} Technology}},
    year = {2008},
    author = {{ARM Security Technology}}
}

@article{Imani,
    title = {{CFPU : Configurable Floating Point Multiplier for Energy-Efficient Computing}},
    author = {Imani, Mohsen and Peroni, Daniel and Rosing, Tajana},
    isbn = {9781450349277},
    keywords = {2016, acm reference format, approximate computing, cfpu, configurable, daniel peroni and tajana, energy efficiency, floating point unit, mohsen imani, rosing, â¢Hardware  Reconfigurable logic applications, â¢Theory of computation  Stochastic approximation}
}

@article{BurkeCOREd,
    title = {{Challenges and Opportunities in Research and Education of Heterogeneous Many-Core Applications}},
    year = {2016},
    journal = {2016 11th European Workshop on Microelectronics Education, EWME 2016},
    author = {Burke, Dave and Shafik, R.A. A Rishad A. and Yakovlev, Alex},
    pages = {1--6},
    isbn = {9781467385848},
    doi = {10.1109/EWME.2016.7496480},
    issn = {9781467385848},
    keywords = {Heterogeneous systems, electronics education, hardware/software co-design, many-core applications, run-time management}
}

@article{Quek2018,
    title = {{Challenges in Environmental Sustainability of renewable energy options in Singapore}},
    year = {2018},
    journal = {Energy Policy},
    author = {Quek, Augustine and Ee, Alvin and Ng, Adam and Wah, Tong Yen},
    number = {April},
    pages = {388--394},
    volume = {122},
    publisher = {Elsevier Ltd},
    url = {https://doi.org/10.1016/j.enpol.2018.07.055},
    doi = {10.1016/j.enpol.2018.07.055},
    issn = {03014215}
}

@article{Dahir2015,
    title = {{Characterisation of feasibility regions in FPGAS under adaptive DVFS}},
    year = {2015},
    journal = {25th International Conference on Field Programmable Logic and Applications, FPL 2015},
    author = {Dahir, Nizar and Campos, Pedro and Tempesti, Gianluca and Trefzer, Martin and Tyrrell, Andrew},
    pages = {2--5},
    isbn = {9780993428005},
    doi = {10.1109/FPL.2015.7293998}
}

@article{Ashlock2015QoSIoT,
    title = {{Characterizing and Validating QoS in the Emerging IoT Quali Company Overview}},
    year = {2015},
    author = {Ashlock, Hans and Marketing, Technical}
}

@article{Cisco2013,
    title = {{Cisco Application Centric Infrastructure}},
    year = {2013},
    author = {{Cisco}},
    pages = {2014--2016},
    url = {http://www.cisco.com/c/dam/en/us/products/collateral/switches/nexus-9000-series-switches/at-a-glance-c45-730001.pdf}
}

@misc{Cisco,
    title = {{Cisco GCI Highlights Tool}},
    author = {{Cisco}},
    url = {https://www.cisco.com/c/en/us/solutions/service-provider/gci-highlights-tool/index.html}
}

@article{Nugteren2017,
    title = {{CLBlast: A Tuned OpenCL BLAS Library}},
    year = {2017},
    author = {Nugteren, Cedric},
    number = {C},
    url = {http://arxiv.org/abs/1705.05249},
    arxivId = {1705.05249}
}

@article{Lai2018,
    title = {{CMSIS-NN: Efficient Neural Network Kernels for Arm Cortex-M CPUs}},
    year = {2018},
    author = {Lai, Liangzhen and Suda, Naveen and Chandra, Vikas},
    pages = {1--10},
    url = {http://arxiv.org/abs/1801.06601},
    arxivId = {1801.06601}
}

@article{Aziz2005,
    title = {{Coding and Signal Processing for Magnetic Recording Systems}},
    year = {2005},
    author = {Aziz, Pervez M},
    pages = {194--199},
    isbn = {9781479923588}
}

@article{Preissl2012,
    title = {{Compass: A scalable simulator for an architecture for cognitive computing}},
    year = {2012},
    journal = {International Conference for High Performance Computing, Networking, Storage and Analysis, SC},
    author = {Preissl, Robert and Wong, Theodore M. and Datta, Pallab and Flickner, Myron and Singh, Raghavendra and Esser, Steven K. and Risk, William P. and Simon, Horst D. and Modha, Dharmendra S.},
    isbn = {9781467308069},
    doi = {10.1109/SC.2012.34},
    issn = {21674329}
}

@article{Venkataramani2015,
    title = {{Computing approximately, and efficiently}},
    year = {2015},
    journal = {Design, Automation Test in Europe Conference Exhibition (DATE), 2015},
    author = {Venkataramani, Swagath and Chakradhar, Srimat T and Roy, Kaushik and Raghunathan, Anand},
    pages = {748--751},
    url = {http://ieeexplore.ieee.org/xpl/freeabs_all.jsp?arnumber=7092486},
    isbn = {9783981537048},
    issn = {15301591},
    keywords = {Algorithm design and analysis, Approximation algorithms, Approximation methods, Computer architecture, Hardware, Resilience, Software, approximate computing techniques, computing efficiency, computing stack, computing workloads, inference mechanisms, power aware computing, spanning circuits, technology scaling}
}

@article{Shafique2017,
    title = {{Computing in the Dark Silicon Era: Current Trends and Research Challenges}},
    year = {2017},
    journal = {IEEE Des. Test},
    author = {Shafique, Muhammad and Garg, Siddharth},
    number = {2},
    pages = {8--23},
    volume = {34},
    url = {http://ieeexplore.ieee.org/document/7762141/},
    doi = {10.1109/MDAT.2016.2633408},
    issn = {2168-2356}
}

@article{Gao2014,
    title = {{Convex Combination of Kernel Adaptive Filters}},
    year = {2014},
    journal = {2014 IEEE International Workshop on Machine Learning for Signal Processing},
    author = {Gao, Wei and Richard, CÃ©dric and Bermudez, J.C.M. C M and Huang, Jianguo},
    number = {1},
    isbn = {9781479936946}
}

@article{ARM2013b,
    title = {{Cortex-A15 Technical Reference Manual. Revision r4p0.}},
    year = {2013},
    author = {{ARM}},
    keywords = {Cortex-A, Cortex-A15}
}

@article{Metz2015,
    title = {{Creating Higher Performance Solid State Storage with Non-Volatile Memory Express (NVMe)}},
    year = {2015},
    author = {Metz, J},
    number = {April}
}

@article{Shafique2016,
    title = {{Cross-layer approximate computing: from logic to architectures}},
    year = {2016},
    journal = {Proceedings of the 53rd Annual Design Automation Conference on - DAC '16},
    author = {Shafique, Muhammad and Hafiz, Rehan and Rehman, Semeen and El-Harouni, Walaa and Henkel, JÃ¶rg},
    pages = {1--6},
    url = {http://dl.acm.org/citation.cfm?doid=2897937.2906199},
    isbn = {9781450342360},
    doi = {10.1145/2897937.2906199},
    issn = {0738100X},
    keywords = {A, Approximate Computing, Arithmetic, Logic Blocks, a re -, accelerator, adder, approximate computing, approximate computing is, architecture, arithmetic, computing itself, configurable accuracy, cross-layer, design space, energy efficiency, logic, low power, multiplier, performance, though as old as}
}

@article{Martin,
    title = {{Cryptography and secure communications for microcontrollers with mbed TLS.}},
    author = {Martin, Trevor and Specialist, A R M Technical}
}

@article{Lee2008,
    title = {{Cyber Physical Systems: Design Challenges}},
    year = {2008},
    journal = {11th IEEE International Symposium on Object and Component-Oriented Real-Time Distributed Computing (ISORC)},
    author = {Lee, E. A.},
    pages = {363--369},
    url = {http://ieeexplore.ieee.org/lpdocs/epic03/wrapper.htm?arnumber=4519604},
    isbn = {978-0-7695-3132-8},
    doi = {10.1109/ISORC.2008.25},
    keywords = {Cyber-physical systems, real time, embedded system}
}

@article{Altera2013CVSocRefMan,
    title = {{Cyclone V SoC Development Board Reference Manual}},
    year = {2013},
    author = {{Altera}},
    volume = {4},
    isbn = {1600321003},
    keywords = {Cyclone V, developme, development kit, transceiver}
}

@article{Altera2013,
    title = {{Cyclone V SoC Development Kit User Guide}},
    year = {2013},
    author = {{Altera}},
    volume = {4},
    isbn = {1600321003},
    keywords = {Cyclone V, FPGA, SoCFPGA, SoCkit, developme, development kit, transceiver}
}

@book{Altera2013CVSocSchem,
    title = {{Cyclone V SoC FPGA Development Kit Board D1 Schematics}},
    year = {2013},
    author = {{Altera}},
    volume = {4},
    isbn = {1600321003},
    keywords = {Cyclone V, FPGA, SoCFPGA, SoCkit, dev kit, development kit, transceiver}
}

@article{Rahimi2005,
    title = {{Cyclops: In Situ Image Sensing and Interpretation in Wireless Sensor Networks}},
    year = {2005},
    journal = {Proceedings of the 3rd International Conference on Embedded Networked Sensor Systems},
    author = {Rahimi, Mohammad and Baer, Rick and Iroezi, Obimdinachi I and Garcia, Juan C and Warrior, Jay and Estrin, Deborah and Srivastava, Mani},
    pages = {192--204},
    isbn = {159593054X},
    doi = {10.1590/S1518-70122011000200005},
    issn = {1518-7012},
    pmid = {8811101},
    keywords = {a low power micro-controller, cmos imag-, cyclops is a smart, figure 1, imaging, ing, power efficiency, sensor network, vision, vision sensor that, will be controlled by}
}

@article{MarkoKurtInformationWeek2013,
    title = {{Data Centre Decision Time}},
    year = {2013},
    journal = {Information Week},
    author = {{Marko Kurt (Information Week)}},
    number = {1368},
    pages = {9--16},
    keywords = {data centre, power usage}
}

@article{Operation2011,
    title = {{Ddr3L Sdram}},
    year = {2011},
    journal = {Micron},
    author = {Operation, Device},
    pages = {1--151},
    volume = {11}
}

@article{Raghunathan2005,
    title = {{Design Considerations for Solar Energy Harvesting Wireless Embedded Systems}},
    year = {2005},
    journal = {IEEE IPSN},
    author = {Raghunathan, Vijay and Kansal, Aman and Hsu, Jason and Org, Escholarship and Friedman, Jonathan and Srivastava, Mani},
    url = {https://cloudfront.escholarship.org/dist/prd/content/qt76x92441/qt76x92441.pdf}
}

@article{Martin2015,
    title = {{Design Issues : Copper and Optical Cables Options for 100GbE and Beyond A new gen of 100G switches is coming !}},
    year = {2015},
    author = {Martin, Arlon},
    number = {April}
}

@article{Licciardo2017,
    title = {{Design of a Convolutional Two-Dimensional Filter in FPGA for Image Processing Applications}},
    year = {2017},
    journal = {Computers},
    author = {Licciardo, Gian Domenico and Cappetta, Carmine and DiBenedetto, Luigi},
    number = {2},
    pages = {19},
    volume = {6},
    doi = {10.3390/computers6020019},
    keywords = {2d filtering modules, gaussian filtering, multiplier, visual search}
}

@article{Zahnstecher,
    title = {{Designer ' s Quick Guide to Power-Efficient Systems}},
    author = {Zahnstecher, Brian}
}

@article{Zahnstecherb,
    title = {{Designer â s Quick Guide to Power-Efficient Systems}},
    author = {Zahnstecher, Brian}
}

@article{Leys2013,
    title = {{Detecting outliers: Do not use standard deviation around the mean, use absolute deviation around the median}},
    year = {2013},
    journal = {Journal of Experimental Social Psychology},
    author = {Leys, Christophe and Ley, Christophe and Klein, Olivier and Bernard, Philippe and Licata, Laurent},
    number = {4},
    pages = {764--766},
    volume = {49},
    publisher = {Elsevier Inc.},
    url = {http://dx.doi.org/10.1016/j.jesp.2013.03.013},
    isbn = {0022-1031},
    doi = {10.1016/j.jesp.2013.03.013},
    issn = {00221031},
    pmid = {20228874},
    keywords = {MAD, Median absolute deviation, Outlier}
}

@article{Quast2016,
    title = {{Developmental broadening of inhibitory sensory maps}},
    year = {2016},
    journal = {Nature Neuroscience},
    author = {Quast, Kathleen B and Ung, Kevin and Froudarakis, Emmanouil and Huang, Longwen and Herman, Isabella and Addison, Angela P and Ortiz-Guzman, Joshua and Cordiner, Keith and Saggau, Peter and Tolias, Andreas S and Arenkiel, Benjamin R},
    number = {December},
    publisher = {Nature Publishing Group},
    url = {http://www.nature.com/doifindQuast, K. B., Ung, K., Froudarakis, E., Huang, L., Herman, I., Addison, A. P., â¦Arenkiel, B. R. (2016). Developmental broadening of inhibitory sensory maps. Nature Neuroscience, (December). http://doi.org/10.1038/nn.4467er/10},
    doi = {10.1038/nn.4467},
    issn = {1097-6256}
}

@article{Ambrosia2015a,
    title = {{DIFFERENT STROKES FOR DIFFERENT FOLKS Regarding the Views Expressed}},
    year = {2015},
    author = {Ambrosia, John D},
    keywords = {No Restrictions}
}

@article{Conference2015,
    title = {{Disruptive semiconductor technologies for the IoT}},
    year = {2015},
    author = {Conference, Iot Design}
}

@article{Srivastava2014,
    title = {{Dropout: A Simple Way to Prevent Neural Networks from Overfitting}},
    year = {2014},
    journal = {J. Mach. Learn. Res.},
    author = {Srivastava, Nitish and Hinton, Geoffrey and Krizhevsky, Alex and Sutskever, Ilya and Salakhutdinov, Ruslan},
    pages = {1929--1958},
    volume = {15},
    isbn = {1532-4435},
    doi = {10.1214/12-AOS1000},
    issn = {15337928},
    pmid = {23285570},
    arxivId = {1102.4807},
    keywords = {deep learning, model combination, neural networks, regularization}
}

@article{OV23850,
    title = {{DSC-Like Performance and Advanced Digital Imaging Features for Next-Generation Flagship Smartphones OV23850}},
    author = {Imaging, Advanced Digital}
}

@article{hoffman2011,
    title = {{Dynamic Knobs for Responsive Power-Aware Computing}},
    year = {2011},
    journal = {ASPLOSâ11,},
    author = {Hoffmann, Henry and Sidiroglou, Stelios and Misailovic, Michael Carbin Sasa and Agarwal, Anant and Rinard, Martin},
    isbn = {9781450302661},
    doi = {10.1111/j.1365-2478.1977.tb01199.x},
    issn = {13652478},
    keywords = {accuracy-aware computing, power-aware computing, self-aware}
}

@article{Li2006,
    title = {{Dynamic power-performance adaptation of parallel computation on chip multiprocessors}},
    year = {2006},
    journal = {Proceedings - International Symposium on High-Performance Computer Architecture},
    author = {Li, Jian and Martinez, Jose F. and Mart, F and Li, Jian and Martinez, Jose F. and Mart, F and Li, Jian and Martinez, Jose F. and Mart, F},
    pages = {77--87},
    volume = {2006},
    isbn = {0780393686},
    doi = {10.1109/HPCA.2006.1598114},
    issn = {15300897}
}

@article{Chow2005,
    title = {{Dynamic voltage scaling for commercial FPGAs}},
    year = {2005},
    journal = {Proceedings - 2005 IEEE International Conference on Field Programmable Technology},
    author = {Chow, C. T. and Tsui, L. S.M. and Leong, P. H.W. and Luk, W. and Wilton, S. J.E.},
    pages = {173--180},
    volume = {2005},
    isbn = {0780394070},
    doi = {10.1109/FPT.2005.1568543}
}

@article{Grigorian2014,
    title = {{Dynamically adaptive and reliable approximate computing using light-weight error analysis}},
    year = {2014},
    journal = {Proc. 2014 NASA/ESA Conf. Adapt. Hardw. Syst. AHS 2014},
    author = {Grigorian, Beayna and Reinman, Glenn},
    pages = {248--255},
    isbn = {9781479953561},
    doi = {10.1109/AHS.2014.6880184},
    keywords = {Adaptive Design, Approximate Computing, Dynamic Reliability, Error Control, Platform Agnosticism, Recovery}
}

@article{Totoni2013,
    title = {{Easy, fast, and energy-efficient object detection on heterogeneous on-chip architectures}},
    year = {2013},
    journal = {ACM Transactions on Architecture and Code Optimization},
    author = {Totoni, Ehsan and Dikmen, Mert and Garzar{\'{a}}n, MarÃ­a JesÃºs},
    number = {4},
    pages = {1--25},
    volume = {10},
    url = {http://dl.acm.org/citation.cfm?doid=2541228.2555302},
    doi = {10.1145/2541228.2555302},
    issn = {15443566}
}

@article{Danelljan2017,
    title = {{ECO: Efficient convolution operators for tracking}},
    year = {2017},
    journal = {Proc. - 30th IEEE Conf. Comput. Vis. Pattern Recognition, CVPR 2017},
    author = {Danelljan, Martin and Bhat, Goutam and Shahbaz Khan, Fahad and Felsberg, Michael},
    pages = {6931--6939},
    volume = {2017-Janua},
    isbn = {9781538604571},
    doi = {10.1109/CVPR.2017.733},
    arxivId = {1611.09224}
}

@article{Shafait2008,
    title = {{Efficient implementation of local adaptive thresholding techniques using integral images}},
    year = {2008},
    journal = {SPIE Document Imaging and Retrieval},
    author = {Shafait, Faisal and Keysers, Daniel and Breuel, Tm},
    pages = {1--5},
    url = {http://proceedings.spiedigitallibrary.org/proceeding.aspx?articleid=812244},
    isbn = {9780819469878},
    doi = {10.1117/12.767755},
    issn = {0277786X},
    keywords = {adaptive thresholding, document binarization, integral images, local thresholding}
}

@article{ALTERA2011,
    title = {{Embedded Peripherals IP User Guide}},
    year = {2011},
    journal = {Altera corporation},
    author = {{ALTERA}},
    number = {June},
    pages = {358},
    url = {https://www.altera.com/literature/ug},
    keywords = {IP, Quartus II, SOPC Builder, embedded peripherals}
}

@article{Lawlor2003,
    title = {{Embedding OpenCL in C ++ for Expressive GPU Programming}},
    year = {2003},
    author = {Lawlor, Orion Sky}
}

@article{Horner2015-40-100G,
    title = {{Enabling 40G / 100G SoC Designs Addressing the Challenges of Design}},
    author = {Horner, Rita},
    keywords = {soc cost}
}

@article{Shagrithaya2013,
    title = {{Enabling development of OpenCL applications on FPGA platforms}},
    year = {2013},
    journal = {Proceedings of the International Conference on Application-Specific Systems, Architectures and Processors},
    author = {Shagrithaya, Kavya and Kepa, Krzysztof and Athanas, Peter},
    pages = {26--30},
    isbn = {9781479904921},
    doi = {10.1109/ASAP.2013.6567546},
    issn = {10636862},
    keywords = {AutoESL, Convey, FPGA, HPC, OpenCL, Vivado, source-to-source translation}
}

@article{Yakovlev2015,
    title = {{Enabling Survival Instincts in Electronic Systems: An Energy Perspective}},
    year = {2015},
    journal = {Transforming Reconfigurable Systems},
    author = {Yakovlev, Alex},
    number = {May},
    pages = {237--263},
    url = {http://www.worldscientific.com/doi/abs/10.1142/9781783266975_0013},
    isbn = {9781783266975},
    doi = {10.1142/9781783266975{\_}0013}
}

@article{Sargologos2015IoTGateway,
    title = {{Enabling Trust in IoT Gateways Infrastructure of the}},
    year = {2015},
    author = {Sargologos, Nicholas and Networking, Digital}
}

@article{Khan2012,
    title = {{Energy analysis of a DVFS based power strategy on ARM platforms}},
    year = {2012},
    journal = {2012 IEEE Faible Tension Faible Consommation, FTFC 2012},
    author = {Khan, Jabran and Bilavarn, Sebastien and Belleudy, CÃ©cile},
    pages = {2--5},
    isbn = {9781467308205},
    doi = {10.1109/FTFC.2012.6231734}
}

@article{Yakovlev2018,
    title = {{Energy current and computing Subject Areas : Author for correspondence :}},
    year = {2018},
    author = {Yakovlev, Alex},
    keywords = {electrical engineering, electromagnetism, microsystems, theory of computing}
}

@article{Bui2017,
    title = {{Energy efficiency for cloud computing system based on predictive optimization}},
    year = {2017},
    journal = {J. Parallel Distrib. Comput.},
    author = {Bui, Dinh-Mao and Yoon, YongIk and Huh, Eui-Nam and Jun, SungIk and Lee, Sungyoung},
    pages = {103--114},
    volume = {102},
    publisher = {Elsevier Inc.},
    url = {http://dx.doi.org/10.1016/j.jpdc.2016.11.011},
    doi = {10.1016/j.jpdc.2016.11.011},
    issn = {07437315}
}

@article{Hartmann2016,
    title = {{Energy Efficient Data Centre Infrastructure â Development of a Power Loss Model}},
    year = {2016},
    journal = {Energy and Buildings},
    author = {Hartmann, BÃ¡lint and Farkas, Csaba},
    pages = {692--699},
    volume = {127},
    publisher = {Elsevier B.V.},
    url = {http://dx.doi.org/10.1016/j.enbuild.2016.06.037},
    doi = {10.1016/j.enbuild.2016.06.037},
    issn = {03787788},
    keywords = {PDS, UPS, data centre, power consumption}
}

@article{Christmann2012,
    title = {{Energy harvesting and power management for autonomous sensor nodes}},
    year = {2012},
    journal = {Proceedings of the 49th Annual Design Automation Conference on - DAC '12},
    author = {Christmann, J. F. and Beign{\'{e}}, E. and Condemine, C. and Willemin, J. and Piguet, C.},
    pages = {1049},
    url = {http://dl.acm.org/citation.cfm?doid=2228360.2228550},
    isbn = {9781450311991},
    doi = {10.1145/2228360.2228550},
    issn = {0738-100X}
}

@article{Issa2017,
    title = {{Energy-Efficient Approximate Multiplier Design using Bit Significance-Driven Logic Compression}},
    year = {2017},
    journal = {Design, Automation and Test in Europe (DATE)},
    author = {Qiqieh, Issa and Shafik, Rishad and Tarawneh, Ghaith and Sokolov, Danil and Yakovlev, Alex},
    pages = {(in press)},
    institution = {IEEE},
    keywords = {Approximate Multiplier, SDLC}
}

@article{Simunic2001,
    title = {{Energy-Efficient Design of Battery-Powered Embedded Systems}},
    year = {2001},
    author = {Simunic, Tajana and Benini, Luca and Micheli, Giovanni De},
    number = {1},
    pages = {15--28},
    volume = {9},
    keywords = {Low-power design, consumption model, performance tradeoffs, power, system-level}
}

@inproceedings{alawad2014energy,
    title = {{Energy-efficient multiplier-less discrete convolver through probabilistic domain transformation}},
    year = {2014},
    booktitle = {Proceedings of the 2014 ACM/SIGDA international symposium on Field-programmable gate arrays},
    author = {Alawad, Mohammed and Bai, Yu and DeMara, Ronald and Lin, Mingjie},
    pages = {185--188},
    organization = {ACM}
}

@article{Jayakumar2016,
    title = {{Energy-efficient system design for IoT devices}},
    year = {2016},
    journal = {Proc. Asia South Pacific Des. Autom. Conf. ASP-DAC},
    author = {Jayakumar, Hrishikesh and Raha, Arnab and Kim, Younghyun and Sutar, Soubhagya and Lee, Woo Suk and Raghunathan, Vijay},
    pages = {298--301},
    volume = {25-28-Janu},
    isbn = {9781467395694},
    doi = {10.1109/ASPDAC.2016.7428027}
}

@article{Yakovlev2011,
    title = {{Energy-modulated computing}},
    year = {2011},
    journal = {2011 Design, Automation {\&} Test in Europe},
    author = {Yakovlev, A},
    pages = {1--6},
    volume = {7},
    url = {http://ieeexplore.ieee.org/document/5763216/},
    isbn = {978-3-9810801-8-6},
    doi = {10.1109/DATE.2011.5763216}
}

@inproceedings{Massimo2017,
    title = {{Energy-Quality Scalable Adaptive VLSI Circuits and Systems beyond Approximate Computing}},
    year = {2017},
    booktitle = {Design, Automation and Test in Europe (DATE)},
    author = {Alioto, Massimo},
    pages = {(in press)},
    organization = {IEEE}
}

@inproceedings{sampson2011enerj,
    title = {{EnerJ: Approximate data types for safe and general low-power computation}},
    year = {2011},
    booktitle = {ACM SIGPLAN Notices},
    author = {Sampson, Adrian and Dietl, Werner and Fortuna, Emily and Gnanapragasam, Danushen and Ceze, Luis and Grossman, Dan},
    number = {6},
    pages = {164--174},
    volume = {46},
    organization = {ACM}
}

@article{Gebregiorgis2017,
    title = {{Error Propagation Aware Timing Relaxation For Approximate Near Threshold Computing}},
    year = {2017},
    author = {Gebregiorgis, Anteneh and Kiamehr, Saman and Tahoori, Mehdi B},
    isbn = {9781450349277}
}

@article{Nuss2015,
    title = {{Ethernet {\&} The Internet of Things ( IoT ) IoT â Tremendous Expectations}},
    year = {2015},
    author = {Nuss, Martin and Semiconductor, Vitesse},
    number = {April},
    pages = {1--16},
    keywords = {Nuss2015EnIoT}
}

@article{Lavia,
    title = {{Ethernet and the IoT Pre-Conference Seminar Session IoT-11 : An Introduction}},
    author = {Lavia, Anthony Tony}
}

@article{Singer2015,
    title = {{Ethernet Tech Summit}},
    year = {2015},
    author = {Singer, Steve}
}

@article{Divakar2015,
    title = {{Ethernet Technology Summit 2015 Session IOT-12 : IoT Networking Session IOT-12 : IoT Networking}},
    year = {2015},
    author = {Divakar, M P}
}

@article{Lucas2017,
    title = {{EvoApprox8b: Library of Approximate Adders and Multipliers for Circuit Design and Benchmarking of Approximation Methods}},
    year = {2017},
    journal = {Design, Automation and Test in Europe (DATE)},
    author = {Mrazek, Vojtech and Hrbacek, Radek and Vasicek, Zdenek and Sekanina, Lukas and Mrazeka, Vojtech and Hrbacekb, Radek and Vasicekc, Zdenek and Sekaninad, Lukas},
    pages = {258--261},
    url = {www.fit.vutbr.cz/research/groups/ehw/approxlib},
    institution = {IEEE},
    isbn = {9783981537086},
    doi = {10.23919/DATE.2017.7926993}
}

@article{Gensh2015,
    title = {{Experiments with Odroid-XU3 Board}},
    year = {2015},
    journal = {Technical Report Series},
    author = {Gensh, Rem and Aalsaud, Ali and Rafiev, Ashur and Xia, Fei and Iliasov, Alexei and Romanovsky, Alexander and Xakovlev, Alex},
    number = {No. CS-TR-1471}
}

@article{Davies2018,
    title = {{Fast computation of spatially adaptive kernel estimates}},
    year = {2018},
    journal = {Statistics and Computing},
    author = {Davies, Tilman M. and Baddeley, Adrian},
    number = {4},
    pages = {937--956},
    volume = {28},
    publisher = {Springer US},
    doi = {10.1007/s11222-017-9772-4},
    issn = {15731375},
    keywords = {Bandwidth selection, Edge correction, Fourier transform, Intensity, Scale space, Spatial point process}
}

@article{Chen2011,
    title = {{Fast structural similarity index algorithm}},
    year = {2011},
    journal = {Journal of Real-Time Image Processing},
    author = {Chen, Ming Jun and Bovik, Alan C.},
    number = {4},
    pages = {281--287},
    volume = {6},
    isbn = {9781424442966},
    doi = {10.1007/s11554-010-0170-9},
    issn = {18618200},
    keywords = {Image quality assessment, Low complexity algorithm, Real time, SSIM, Video quality assessment}
}

@article{Raghuwanshi2018,
    title = {{Feed-forward content based image retrieval using adaptive tetrolet transforms}},
    year = {2018},
    journal = {Multimedia Tools and Applications},
    author = {Raghuwanshi, Ghanshyam and Tyagi, Vipin},
    number = {18},
    pages = {23389--23410},
    volume = {77},
    publisher = {Multimedia Tools and Applications},
    doi = {10.1007/s11042-018-5628-y},
    issn = {15737721},
    keywords = {CBIR, Edge orientation histogram, Feed-forward, Image retrieval, Tetrolet transform}
}

@article{PuDong-MeiYuan2013,
    title = {{FIRST AND SECOND ORDER FULL-DIFFERENTIAL IN THE EDGE DETECTION OF IMAGES}},
    year = {2013},
    journal = {Proceedings of the 2013 International Conference on Machine Learning and Cybernetics},
    author = {Pu, Dong-Mei ; Yuan, Yu-bo},
    pages = {14--17},
    isbn = {9781479902606},
    keywords = {Differential Operator, Edge Detection, Feature Selection, Image Processing}
}

@article{Seiter2013,
    title = {{FPGA based time-of-flight 3D camera characterization system}},
    year = {2013},
    journal = {Proceedings of the 2013 IEEE 16th International Symposium on Design and Diagnostics of Electronic Circuits and Systems, DDECS 2013},
    author = {Seiter, Johannes and Hofbauer, Michael and Davidovic, Milos and Zimmermann, Horst},
    pages = {240--245},
    isbn = {9781467361361},
    doi = {10.1109/DDECS.2013.6549825},
    keywords = {3D camera, FPGA, TOF sensor, characterization system, optical distance sensor, time-of-flight}
}

@article{Hemsoth,
    title = {{FPGA FRONTIERS :}},
    author = {Hemsoth, Nicole and Prickett Morgan, Timothy}
}

@inproceedings{Sreekanth2015-100GPP,
    title = {{FPGA Packet Processing at 100GE and Beyond}},
    year = {2015},
    booktitle = {Ethernet technology summit 2015},
    author = {Sreekanth, Jon},
    number = {April},
    pages = {1--12},
    keywords = {FPGA, NPU, x86}
}

@inproceedings{Intilop2015,
    title = {{Full TCP {\&} UDP Offload Engines with 1 - 16K Sessions Network Traffic and Application Acceleration in High Performance Network Servers and Storage Solutions}},
    year = {2015},
    booktitle = {Ethernet Technology summit},
    author = {{Intilop}},
    number = {April},
    pages = {1--19},
    keywords = {TCP, UDP, accellerator, fPGA}
}

@article{Summit2015IoTFuture,
    title = {{Future of Ethernet And The Internet Of Things ( IoT )}},
    year = {2015},
    author = {Summit, Ethernet}
}

@article{Zhang2005,
    title = {{Genome-Scale Computational Approaches to Memory-Intensive Applications in}},
    year = {2005},
    journal = {Supercomputing2005},
    author = {Zhang, Yun and Abu-khzam, Faisal N and Baldwin, Nicole E and Chesler, Elissa J and Langston, Michael A and Samatova, Nagiza F},
    number = {c},
    pages = {12--16},
    isbn = {1595930612}
}

@article{Davidson2016,
    title = {{Good Enough Computing}},
    year = {2016},
    author = {Davidson, Scott},
    pages = {95054}
}

@article{Wu2013,
    title = {{HAMR areal density demonstration of 1+ tbpsi on spinstand}},
    year = {2013},
    journal = {IEEE Transactions on Magnetics},
    author = {Wu, Alexander Q. and Kubota, Yukiko and Klemmer, Timothy and Rausch, Tim and Peng, Chubing and Peng, Yingguo and Karns, Darren and Zhu, Xiaobin and Ding, Yinfeng and Chang, Eric K.C. and Zhao, Yongjun and Zhou, Hua and Gao, Kaizhong and Thiele, Jan Ulrich and Seigler, Mike and Ju, Ganping and Gage, Edward},
    number = {2},
    pages = {779--782},
    volume = {49},
    isbn = {0018-9464},
    doi = {10.1109/TMAG.2012.2219513},
    issn = {00189464},
    keywords = {Basic technology demonstration (BTD) demo, FePtX media, heat-assisted magnetic recording (HAMR), near-field transducer (NFT)}
}

@book{Gaster2012b,
    title = {{Heterogeneous Computing with OpenCL}},
    year = {2012},
    booktitle = {Heterogeneous Computing with OpenCL},
    author = {Gaster, Benedict and Howes, Lee and Kaeli, David R. and Mistry, Perhaad and Schaa, Dana},
    pages = {277},
    publisher = {Morgan Kaufmann},
    url = {http://www.sciencedirect.com/science/article/pii/B978012387766600027X},
    isbn = {9780123877666},
    doi = {10.1016/B978-0-12-387766-6.00027-X}
}

@inproceedings{Lin2013,
    title = {{High Accuracy Approximate Multiplier With Error Correction}},
    year = {2013},
    booktitle = {IEEE 31st Int. Conf. Comput. Des. ICCD 2013},
    author = {Lin, C and Lin, I},
    pages = {33--38},
    isbn = {9781479929870}
}

@misc{SDAACVideo,
    title = {{How does Approximate Significance Image Processing work?}},
    author = {Burke, Dave},
    url = {https://youtu.be/kbKhU7CvEb8}
}

@article{Paine2015,
    title = {{How Network Performance Enforcement Can Double Ethernet Capacity An Inconvenient Fact}},
    year = {2015},
    author = {Paine, Jeff},
    number = {April}
}

@article{Mishra2014iACT,
    title = {{iACT: A Software-Hardware Framework for Understanding the Scope of Approximate Computing}},
    year = {2014},
    journal = {Wacas},
    author = {Mishra, Asit K. and Barik, Rajkishore and Paul, Somnath}
}

@article{ShreyamshaKumar2015,
    title = {{Image fusion based on pixel significance using cross bilateral filter}},
    year = {2015},
    journal = {Signal, Image Video Process.},
    author = {Shreyamsha Kumar, B. K.},
    number = {5},
    pages = {1193--1204},
    volume = {9},
    publisher = {Springer London},
    url = {http://dx.doi.org/10.1007/s11760-013-0556-9},
    doi = {10.1007/s11760-013-0556-9},
    issn = {18631711},
    keywords = {Bilateral filter, Cross bilateral filter, Detail image, Detail strength, Image fusion, Multifocus, Multisensor, Pixel significance}
}

@article{Nair2017,
    title = {{Image Processing Units on Ultra-low-cost Embedded Hardware: Algorithmic Optimizations for Real-time Performance}},
    year = {2017},
    journal = {Journal of Signal Processing Systems},
    author = {Nair, Suraj and Somani, Nikhil and Grunau, Artur and Dean-Leon, Emmanuel and Knoll, Alois},
    pages = {1--17},
    publisher = {Journal of Signal Processing Systems},
    doi = {10.1007/s11265-017-1267-1},
    issn = {19398115},
    keywords = {Embedded vision, Human tracking, Image processing units}
}

@article{Wang2004,
    title = {{Image quality assessment: From error visibility to structural similarity}},
    year = {2004},
    journal = {IEEE Transactions on Image Processing},
    author = {Wang, Zhou and Bovik, Alan Conrad and Sheikh, Hamid Rahim and Simoncelli, Eero P. and Z. Wang, A. C. Bovik, H. R. Sheikh and E. P. Simoncelli and Simoncelli, Eero P.},
    number = {4},
    pages = {600--612},
    volume = {13},
    isbn = {9781439829356},
    doi = {10.1109/TIP.2003.819861},
    issn = {10577149},
    pmid = {15376593},
    keywords = {Error sensitivity, Human visual system (HVS), Image coding, Image quality assessment, JPEG, JPEG2000, Perceptual quality, Structural information, Structural similarity (SSIM), error sensitivity, human visual system, hvs, image coding, image quality assessment, jpeg, jpeg2000, perceptual quality, structural information, structural simi-}
}

@inproceedings{Brebner2015,
    title = {{Implementing SDN in FPGAs over All Gigabit-Level Ethernet Standards Ethernet trend : many rates}},
    year = {2015},
    author = {Brebner, Gordon},
    number = {April},
    keywords = {Public}
}

@article{Corporation,
    title = {{Implementing Ultra-Fast Ethernet In a FPGA Altera Corporation Overview}},
    author = {Corporation, Altera}
}

@article{Zhang2013,
    title = {{Improving Performance Portability in OpenCL Programs}},
    year = {2013},
    journal = {Supercomputing},
    author = {Zhang, Yao and Sinclair II, Mark and Chien, Andrew A},
    pages = {136--150},
    volume = {7905},
    isbn = {978-3-642-38750-0},
    doi = {10.1007/978-3-642-38750-0{\_}11},
    issn = {03029743}
}

@misc{Instruments2013,
    title = {{INA231EVM Evaluation Board and Software Tutorial}},
    year = {2013},
    author = {Instruments, Texas},
    number = {February}
}

@article{Palem2018,
    title = {{Inexactness and a future of computing Inexactness and a future of computing}},
    year = {2018},
    author = {Palem, Krishna V and A, Phil Trans R Soc and Palem, Krishna V},
    number = {May 2014},
    keywords = {computer-aided design, hybrid computing, pattern recognition, software, systems theory, theory of computing}
}

@article{Goergen2015,
    title = {{Interconnects Past , Present , and Future}},
    year = {2015},
    author = {Goergen, Joel and Systems, Cisco},
    number = {April},
    keywords = {Ethernet Technology Summit April 2015}
}

@article{Stulhfath2015,
    title = {{Internet of Things â what are the driving technologies Test {\&} Certification of IoT Devices}},
    year = {2015},
    author = {{Stulhfath}}
}

@book{Russ2008ImProc,
    title = {{Introduction to image processing and analysis}},
    year = {2008},
    booktitle = {Book, CRC Press},
    author = {Russ, John Christian. and Russ, John Christian.},
    pages = {355},
    publisher = {CRC Press},
    isbn = {9780849370731}
}

@article{Pacheco2011,
    title = {{Introduction to Parallel Programming}},
    year = {2011},
    journal = {Elsevier Inc.},
    author = {Pacheco, Peter S.},
    pages = {391},
    url = {http://aims.me.cycu.edu.tw/courses/101-2/IPMC/lecture_material/Introduction to Parallel Programming - Peter Pacheco (2010).pdf},
    isbn = {9780123814722},
    doi = {10.1007/978-1-4471-2736-9},
    issn = {01928651},
    pmid = {17565499},
    arxivId = {arXiv:1011.1669v3},
    keywords = {and this new textbook, area off in a, by peter pacheco will, central to the efficient, cer-, cloud, corner of the computing, go a, multicore processors and the, parallel computing is most, parallelism has become, praise of an introduction, tainly not a niche, to parallel programming, use of resources, with the coming of, world}
}

@article{Chen2012,
    title = {{Invited paper: Using OpenCL to evaluate the efficiency of CPUS, GPUS and FPGAs for information filtering}},
    year = {2012},
    journal = {Proceedings - 22nd International Conference on Field Programmable Logic and Applications, FPL 2012},
    author = {Chen, Doris and Singh, Deshanand},
    pages = {5--12},
    isbn = {9781467322560},
    doi = {10.1109/FPL.2012.6339171},
    keywords = {CPUs, Efficiency, FPGAs, GPUs, Information Filtering, OpenCL}
}

@article{Krishnamurthy2015IoT,
    title = {{IoT}},
    year = {2015},
    author = {Krishnamurthy, Subi}
}

@article{Tamboli2015,
    title = {{IoT and the Service Provider Market}},
    year = {2015},
    author = {Tamboli, Alam and Analyst, Senior}
}

@article{Hardy2015,
    title = {{Is serial 100G ready for 400 Gigabit Ethernet standardization?}},
    year = {2015},
    author = {Hardy, Stephen}
}

@article{Li2015,
    title = {{Joint precision optimization and high level synthesis for approximate computing}},
    year = {2015},
    journal = {Design Automation Conference (DAC), 2015 52nd ACM/EDAC/IEEE},
    author = {Li, Chaofan and Luo, Wei and Sapatnekar, S S and Hu, Jiang},
    isbn = {9781450335201},
    doi = {10.1145/2744769.2744863},
    issn = {0738100X}
}

@misc{chollet2015keras,
    title = {{Keras}},
    year = {2015},
    author = {Cholet, Francois},
    url = {https://keras.io}
}

@article{Cyclone2012,
    title = {{Key Advantages of Cyclone V Devices}},
    year = {2012},
    author = {Cyclone, The}
}

@article{Ansel2011,
    title = {{Language and compiler support for auto-tuning variable-accuracy algorithms}},
    year = {2011},
    journal = {Proceedings - International Symposium on Code Generation and Optimization, CGO 2011},
    author = {Ansel, Jason and Wong, Yee Lok and Chan, Cy and Olszewski, Marek and Edelman, Alan and Amarasinghe, Saman},
    pages = {85--96},
    isbn = {9781612843551},
    doi = {10.1109/CGO.2011.5764677}
}

@book{Rossant2015,
    title = {{Learning IPython for Interactive Computing and Data Visualization}},
    year = {2015},
    author = {Rossant, Cyrille},
    isbn = {978-1-78398-698-9}
}

@book{Kaehler2016,
    title = {{Learning OpenCV 3}},
    year = {2016},
    author = {Kaehler, Adrian and Bradski, Gary},
    isbn = {9781491937990}
}

@book{Bradski2008,
    title = {{Learning OpenCV: Computer Vision with the OpenCV Library}},
    year = {2008},
    booktitle = {OReilly Media Inc},
    author = {Bradski, Gary and Kaehler, Adrian},
    pages = {555},
    volume = {1},
    url = {http://www.amazon.com/dp/0596516134},
    isbn = {0596516134},
    doi = {10.1109/MRA.2009.933612},
    issn = {10709932}
}

@article{Shafik2016,
    title = {{Learning Transfer-Based Adaptive Energy Minimization in Embedded Systems}},
    year = {2016},
    journal = {IEEE Transactions on Computer-Aided Design of Integrated Circuits and Systems},
    author = {Shafik, Rishad A. and Yang, Sheng and Das, Anup and Maeda-Nunez, Luis A. and Merrett, Geoff V. and Al-Hashimi, Bashir M.},
    number = {6},
    pages = {877--890},
    volume = {35},
    isbn = {0278-0070},
    doi = {10.1109/TCAD.2015.2481867},
    issn = {02780070},
    keywords = {Energy-efficiency, dynamic voltage/frequency scaling, reinforcement learning}
}

@article{Abaya2014,
    title = {{Low Cost Smart Security Camera with Night Vision Capability Using Raspberry Pi and OpenCV}},
    year = {2014},
    author = {Abaya, Wilson Feipeng and Basa, Jimmy and Sy, Michael and Abad, Alexander C and Dadios, Elmer P},
    number = {November},
    isbn = {9781479940202},
    keywords = {Human detect, Rasp Pi, Smoke detect}
}

@article{Nguyen2014,
    title = {{Low power architecture exploration for standalone fall detection system based on computer vision}},
    year = {2014},
    journal = {Proceedings - UKSim-AMSS 8th European Modelling Symposium on Computer Modelling and Simulation, EMS 2014},
    author = {Nguyen, Hong Thi Khanh and Fahama, Hassoon and Belleudy, Cecile and Pham, Tuan Van},
    pages = {169--173},
    isbn = {9781479974115},
    doi = {10.1109/EMS.2014.100},
    keywords = {Architecture exploration, Fall Detection system, Power consumption, Power model}
}

@article{Monson2015-100-25GLowPowerOptical,
    title = {{Low Power PHYs for 100G / 25G Copper and Optical Module Solutions}},
    author = {Monson, John}
}

@article{Sidler2016,
    title = {{Low-latency TCP/IP stack for data center applications}},
    year = {2016},
    journal = {FPL 2016 - 26th International Conference on Field-Programmable Logic and Applications},
    author = {Sidler, David and Istv{\'{a}}n, Zsolt and Alonso, Gustavo},
    isbn = {9782839918442},
    doi = {10.1109/FPL.2016.7577319},
    keywords = {Intilop, TCP IP offload}
}

@inproceedings{Esposito2017,
    title = {{Low-power approximate MAC unit}},
    year = {2017},
    booktitle = {PRIME 2017 - 13th Conference on PhD Research in Microelectronics and Electronics, Proceedings},
    author = {Esposito, Darjn and Strollo, Antonio G.M. and Alioto, Massimo},
    isbn = {9781509065073},
    doi = {10.1109/PRIME.2017.7974112},
    keywords = {Approximate MAC Unit, Approximate computing, Error compensation., Imprecise hardware, Truncated multipliers}
}

@book{Mitchell2009,
    title = {{Machine learning}},
    year = {2009},
    author = {Mitchell, Tom M.},
    pages = {8--13},
    isbn = {9781577354260},
    doi = {10.1007/978-3-540-75488-6{\_}2},
    issn = {10450823},
    pmid = {18292226},
    arxivId = {0-387-31073-8}
}

@article{Jordan2015,
    title = {{Machine learning: Trends, perspectives, and prospects}},
    year = {2015},
    journal = {Science (80-. ).},
    author = {Jordan, M. I. and Mitchell, T. M.},
    number = {6245},
    pages = {255--260},
    volume = {349},
    url = {http://www.sciencemag.org/cgi/doi/10.1126/science.aaa8415},
    isbn = {0036-8075, 0036-8075},
    doi = {10.1126/science.aaa8415},
    issn = {0036-8075},
    pmid = {26185243},
    arxivId = {arXiv:1011.1669v3},
    keywords = {classifier, dt, supervised machine learning, svm}
}

@article{Baum2016,
    title = {{Making Full use of Emerging ARM-based Heterogeneous Multicore SoCs Making Full use of Emerging ARM-based Heterogeneous Multicore SoCs}},
    year = {2016},
    author = {Baum, Felix and Raghuraman, Arvind and Baum, Felix},
    keywords = {ARM, ARM cores, Heterogeneous multicore systems, s}
}

@article{Guide2015a,
    title = {{Mali Graphics Debugger 3.1.0}},
    year = {2015},
    author = {Guide, User}
}

@article{Chippa2013DES,
    title = {{Managing the Quality vs. Efficiency Trade-off Using Dynamic Effort Scaling}},
    year = {2013},
    journal = {ACM Transactions on Embedded Computing Systems},
    author = {Chippa, Vinay K. and Roy, Kaushik and Chakradhar, Srimat T. and Raghunathan, Anand},
    number = {2s},
    pages = {1--23},
    volume = {12},
    url = {http://dl.acm.org/citation.cfm?doid=2465787.2465792},
    doi = {10.1145/2465787.2465792},
    issn = {15399087},
    keywords = {Dynamic effort scaling, K-means clustering, approximate computing, low power design, mining, recognition, scalable effort, support vector machines}
}

@article{Manners2017,
    title = {{Manufacturers told to design in security}},
    year = {2017},
    author = {Manners, David}
}

@article{Zhang,
    title = {{Mars : A 64-core ARMv8 Processor}},
    author = {Zhang, Charles}
}

@article{Hu2017,
    title = {{Massive parallelization of approximate nearest neighbor search on KD-tree for high-dimensional image descriptor matching}},
    year = {2017},
    journal = {Journal of Visual Communication and Image Representation},
    author = {Hu, Linjia and Nooshabadi, Saeid},
    pages = {106--115},
    volume = {44},
    publisher = {Elsevier Inc.},
    url = {http://dx.doi.org/10.1016/j.jvcir.2017.01.013},
    doi = {10.1016/j.jvcir.2017.01.013},
    issn = {10959076},
    keywords = {Approximate nearest neighbor search, CUDA, GPU, Image descriptor matching, KD-tree, Parallel algorithm}
}

@inproceedings{ShahMaxAccelFPGA,
    title = {{Maximizing Application Acceleration with FPGAs}},
    year = {2015},
    booktitle = {Ethernet Technology summit},
    author = {Shah, Shreyas},
    keywords = {FPGA, Xilinx, uWall}
}

@article{Hengstler2007,
    title = {{MeshEye: A Hybrid-Resolution Smart Camera Mote for Applications in Distributed Intelligent Surveillance}},
    year = {2007},
    journal = {2007 6th International Symposium on Information Processing in Sensor Networks},
    author = {Hengstler, Stephan and Prashanth, Daniel and Fong, Sufen and Aghajan, Hamid},
    pages = {360--369},
    url = {http://ieeexplore.ieee.org/document/4379696/},
    isbn = {978-1-59593-638-7},
    doi = {10.1109/IPSN.2007.4379696}
}

@misc{burke2004Patent,
    title = {{Method and apparatus for executing standard functions in a computer system using a field programmable gate array}},
    year = {2004},
    author = {Burke, David},
    publisher = {UK PTO},
    url = {http://www.google.co.uk/patents/US6704816#forward-citations https://patents.google.com/patent/GB2352548A/en?q=method+apparatus&q=executing&q=standard&q=functions&q=computer&q=system&q=using&q=field+programmable+gate+array&inventor=David+Burke&country=GB},
    isbn = {1111111111},
    doi = {10.1074/JBC.274.42.30033.(51)},
    issn = {1111111111},
    pmid = {15003161},
    arxivId = {arXiv:1011.1669v3},
    keywords = {GB2352548B (Grant), UK Version Other versions GB9917511D0 (Grant), US Version}
}

@misc{burkeThesisSW,
    title = {{Methods for Energy Efficient Image Processing using significance learning, software demonstrator}},
    year = {2019},
    author = {Burke, Dave},
    url = {https://github.com/1dbup/ThesisSW}
}

@article{Aalsaud2018,
    title = {{Model-Free Runtime Management of Concurrent Workloads for Energy-Efficient Many-Core Heterogeneous Systems}},
    year = {2018},
    journal = {2018 IEEE 28th International Symposium on Power and Timing Modeling, Optimization and Simulation, PATMOS 2018},
    author = {Aalsaud, Ali and Rafiev, Ashur and Xia, Fei and Shafik, Rishad and Yakovlev, Alex},
    pages = {206--213},
    publisher = {IEEE},
    isbn = {9781538663653},
    doi = {10.1109/PATMOS.2018.8464142},
    keywords = {concurrent applications, many-core systems, power-normalized performance, runtime optimization, workload classification}
}

@article{Ringenburg2015,
    title = {{Monitoring and Debugging the Quality of Results in Approximate Programs}},
    year = {2015},
    journal = {ACM SIGARCH Computer Architecture News},
    author = {Ringenburg, Michael and Sampson, Adrian and Ackerman, Isaac and Ceze, Luis and Grossman, Dan},
    number = {1},
    volume = {43},
    isbn = {9781450328357},
    doi = {10.1145/2786763.2694365},
    issn = {01635964}
}

@article{Matharu2015CRAN,
    title = {{Motivations for Ethernet Fronthauling in CRAN}},
    year = {2015},
    author = {Matharu, Harpinder Singh}
}

@article{Mayer2015DatacentreDemands,
    title = {{Move to the cloud Going Mobile Internet Of things}},
    author = {Mayer, Bethany}
}

@article{ShreyamshaKumar2013,
    title = {{Multifocus and multispectral image fusion based on pixel significance using discrete cosine harmonic wavelet transform}},
    year = {2013},
    journal = {Signal, Image Video Process.},
    author = {Shreyamsha Kumar, B. K.},
    number = {6},
    pages = {1125--1143},
    volume = {7},
    isbn = {1863-1703},
    doi = {10.1007/s11760-012-0361-x},
    issn = {18631703},
    keywords = {Discrete cosine harmonic wavelet transform, Discrete wavelet transform, Harmonic wavelet transform, Image fusion, Multifocus, Multisensor, Pixel significance}
}

@inproceedings{prasanthi2005multiplier,
    title = {{Multiplier less FFT processor architecture for signal and image processing}},
    year = {2005},
    booktitle = {Intell. Sens. Inf. Process. 2005. Proc. 2005 Int. Conf.},
    author = {Prasanthi, R and Anuradha, V and Sahoo, S K and Shekhar, C},
    pages = {326--330},
    organization = {IEEE}
}

@incollection{Limited2013,
    title = {{NEON Programmer's Guide}},
    year = {2013},
    author = {{ARM Limited}},
    isbn = {9781439806104},
    keywords = {NEON}
}

@incollection{Limited2013b,
    title = {{NEON Programmerâs Guide}},
    year = {2013},
    author = {Limited, ARM R M},
    isbn = {9781439806104},
    keywords = {NEON}
}

@article{Granath2015,
    title = {{Network Analytics for More Intelligent SDN}},
    year = {2015},
    author = {Granath, Derek},
    number = {April}
}

@article{Esmaeilzadeh2012,
    title = {{Neural Acceleration for General Purpose Approximate Programs}},
    year = {2012},
    journal = {Proceedings of th 2012 25th Annual IEEE/ACM Intenational Symposium on Microarchitecture},
    author = {Esmaeilzadeh, Hadi and Sampson, Adrian and Ceze, Luis and Burger, Doug},
    number = {3},
    pages = {16--27},
    volume = {33},
    url = {http://dl.acm.org/citation.cfm?id=2457519},
    isbn = {978-1-4673-4819-5},
    doi = {10.1109/MICRO.2012.48},
    issn = {1072-4451},
    keywords = {NPUs, Parrot algorithmic transformation, accelerators, approximate computing, neural networks, neural processing units}
}

@misc{Alteraa,
    title = {{Neural Networks and the Rings of Power}},
    author = {(Altera), Ron Wilson},
    url = {http://systemdesign.altera.com/neural-networks-rings-power/?utm_source=Altera&utm_medium=email&utm_campaign=System_Design_Journal&utm_content=_&elqTrackId=03FEF7B2C34F465DD36EC4530B584B8D&elq=bc3ee2fcb43a4237abdf1469c3ac3ecd&elqaid=2228&elqat=1&elqCampaig},
    keywords = {Ron Wilson}
}

@article{Cui2012,
    title = {{Neurocomputing Temporal Spectral Residual for fast salient motion detection}},
    year = {2012},
    journal = {Neurocomputing},
    author = {Cui, Xinyi and Liu, Qingshan and Zhang, Shaoting and Yang, Fei and Metaxas, Dimitris N},
    pages = {24--32},
    volume = {86},
    publisher = {Elsevier},
    url = {http://dx.doi.org/10.1016/j.neucom.2011.12.033},
    doi = {10.1016/j.neucom.2011.12.033},
    issn = {0925-2312},
    keywords = {Computer vision, Motion saliency detection, Spectral Residual}
}

@misc{Altera,
    title = {{New Layers Form within the Cloud}},
    author = {{(Altera} and Editor in chief), Ron Wilson},
    url = {http://systemdesign.altera.com/new-layers-form-within-cloud/?utm_source=Altera&utm_medium=email&utm_campaign=System_Design_Journal&utm_content=_&elqTrackId=6D5F133003E2F8530387341BAFD513B2&elq=7ef8b002e1984a15b96b2609484b050b&elqaid=2212&elqat=1&elqCampai}
}

@article{Kim2018,
    title = {{Novel XNOR-based Approximate Computing for Energy-efficient Image Processors}},
    year = {2018},
    author = {Kim, Sunghyun and Kim, Youngmin},
    number = {5},
    pages = {602--608},
    volume = {18}
}

@article{Feller2015,
    title = {{of 100G Data Center Optical Interconnects}},
    year = {2015},
    author = {Feller, Scott},
    number = {April}
}

@article{Borgione2015,
    title = {{Open Source Networking for Cloud Data Centers Agenda ï§ Open Source Clouds with OpenStack ï§ Building Blocks of Cloud Networking â¢ Tenant Networks}},
    year = {2015},
    author = {Borgione, Gaetano and Plumgrid, Distinguished Engineer},
    number = {April},
    keywords = {Borgione2015OSNforCDC}
}

@inproceedings{Gaster2013,
    title = {{OpenCL C++}},
    year = {2013},
    booktitle = {OpenCL C++},
    author = {Gaster, Benedict R. and Howes, Lee},
    pages = {86--95},
    url = {http://dl.acm.org/citation.cfm?id=2458523.2458532 http://dl.acm.org/citation.cfm?doid=2458523.2458532},
    isbn = {9781450320177},
    doi = {10.1145/2458523.2458532},
    keywords = {C++, GPGPU, GPU, OpenCL, parallel programming}
}

@article{Jo2014,
    title = {{OpenCL framework for ARM processors with NEON support}},
    year = {2014},
    author = {Jo, Gangwon and Taft, Gordon and Jung, Wookeun and Lee, Jaejin and Jeon, Won Jong},
    pages = {33--40},
    isbn = {9781450326537},
    doi = {10.1145/2568058.2568064},
    keywords = {embedded system, multicore, opencl, simd}
}

@article{Rosenberg2011,
    title = {{OpenCL Static C ++ Kernel Language Extension}},
    year = {2011},
    author = {Rosenberg, Ofer and Gaster, Benedict R and Zheng, Bixia and Lipov, Irina},
    pages = {1--12},
    url = {http://developer.amd.com/wordpress/media/2012/10/CPP_kernel_language.pdf}
}

@book{Joshi2016,
    title = {{OpenCV with Python By Example}},
    year = {2016},
    author = {Joshi, Prateek},
    isbn = {9781785283932}
}

@article{Abdelkader2017,
    title = {{Openmv: a Python Powered, Extensible Machine Vision Camera}},
    year = {2017},
    author = {Abdelkader, Ibrahim and El-Sonbaty, Yasser and El-Habrouk, Mohamed},
    pages = {71--78},
    url = {https://arxiv.org/ftp/arxiv/papers/1711/1711.10464.pdf},
    isbn = {9789898533661},
    keywords = {Embedded, Image Processing, Machine Vision, Python, Smart Camera, WSNs}
}

@article{Duben2015,
    title = {{Opportunities for Energy Efficient Computing: A Study of Inexact General Purpose Processors for High-Performance and Big-Data Applications}},
    year = {2015},
    journal = {Design, Automation {\&} Test in Europe Conference {\&} Exhibition (DATE), 2015},
    author = {D{\"{u}}ben, Peter and Schlachter, Jeremy and ., Parishkrati and Yenugula, Sreelatha and Augustine, John and Enz, Christian and Palem, K. and Palmer, T. N.},
    pages = {764--769},
    url = {http://ieeexplore.ieee.org/xpl/articleDetails.jsp?arnumber=7092489},
    isbn = {9783981537048},
    doi = {10.7873/DATE.2015.1116},
    issn = {15301591}
}

@article{Guide2015,
    title = {{OPT8241 Evaluation Module}},
    year = {2015},
    author = {Guide, User},
    number = {October}
}

@article{Piguet2004,
    title = {{Optimizing Architecture Activity and Logic Depth for Static and Dynamic Power Reduction}},
    year = {2002},
    journal = {The 2nd Annual IEEE Northeast Workshop on Circuits and Systems, 2004. NEWCAS 2004.},
    author = {Piguet, Christian and Schuster, Christian and Nagel, Jean-Luc},
    pages = {41--44},
    isbn = {0780383222},
    doi = {10.1109/NEWCAS.2004.1359011}
}

@article{ExadataOracleM7,
    title = {{Oracle SuperCluster M7}},
    author = {Exadata, Oracle and Server, Storage and Solaris, Oracle}
}

@techreport{Elmshirst2017,
    title = {{Our energy insights}},
    year = {2017},
    author = {Elmshirst, Orlando},
    pages = {0--4}
}

@article{Specification,
    title = {{OV7690}},
    author = {Specification, Preliminary}
}

@article{Huang,
    title = {{Overcoming Ethernet SoC Verification Challenges}},
    author = {Huang, Dave and Engineer, Staff Solutions and Systems, Cadence Design}
}

@article{Samadi2014,
    title = {{Paraprox: Pattern-Based Approximation for Data Parallel Applications}},
    year = {2014},
    journal = {International Conference on Architectural Support for Programming Languages and Operating Systems},
    author = {Samadi, Mehrzad and Jamshidi, Davoud Anoushe and Lee, Janghaeng and Mahlke, Scott},
    pages = {35--50},
    url = {http://dl.acm.org/citation.cfm?doid=2541940.2541948},
    isbn = {9781450323055},
    doi = {10.1145/2541940.2541948},
    issn = {0362-1340},
    keywords = {accuracy-aware computing, approximation}
}

@article{Mcmorrow1827PCBBPTbit,
    title = {{PCB Materials for Terabit Backplanes Presented by :}},
    year = {1827},
    author = {Mcmorrow, Scott}
}

@article{Shen2012,
    title = {{Performance gaps between OpenMP and OpenCL for multi-core CPUs}},
    year = {2012},
    journal = {Proceedings of the International Conference on Parallel Processing Workshops},
    author = {Shen, Jie and Fang, Jianbin and Sips, Henk and Varbanescu, Ana Lucia},
    pages = {116--125},
    isbn = {9780769547954},
    doi = {10.1109/ICPPW.2012.18},
    issn = {15302016},
    keywords = {CPU, Multi-core, OpenCL, OpenMP, Performance Comparison}
}

@article{Kim2007,
    title = {{Power aware scheduling of bag-of-tasks applications with deadline constraints on DVS-enabled clusters}},
    year = {2007},
    journal = {Proc. - Seventh IEEE Int. Symp. Clust. Comput. Grid, CCGrid 2007},
    author = {Kim, Kyong Hoon and Buyya, Rajkumar and Kim, Jong},
    pages = {541--548},
    isbn = {0769528333},
    doi = {10.1109/CCGRID.2007.85}
}

@article{Venkatachalam2005,
    title = {{Power reduction techniques for microprocessor systems}},
    year = {2005},
    journal = {ACM Computing Surveys},
    author = {Venkatachalam, Vasanth and Franz, Michael},
    number = {3},
    pages = {195--237},
    volume = {37},
    url = {http://portal.acm.org/citation.cfm?doid=1108956.1108957},
    isbn = {0360-0300},
    doi = {10.1145/1108956.1108957},
    issn = {03600300}
}

@article{Aalsaud,
    title = {{Power-Aware Performance Adaptation of Concurrent Applications in Heterogeneous Many-Core Systems}},
    author = {Aalsaud, Ali and Shafik, Rishad and Rafiev, Ashur and Xia, Fie and Yang, Sheng and Yakovlev, Alex},
    isbn = {9781450341851}
}

@article{Sayre2015,
    title = {{Practical Design of a 28 Gbps Backplane Presented by :}},
    year = {2015},
    author = {Sayre, Edward P and Macomson, Wis},
    number = {April},
    pages = {1--30},
    keywords = {Sayre201528GbBP}
}

@article{Traiola2018,
    title = {{Predicting the Impact of Functional Approximation : from Component- to Application-Level}},
    year = {2018},
    journal = {2018 IEEE 24th Int. Symp. On-Line Test. Robust Syst. Des.},
    author = {Traiola, Marcello and Savino, Alessandro and Barbareschi, Mario and Carlo, Stefano Di and Bosio, Alberto and Torino, Politecnico},
    number = {iii},
    pages = {61--64},
    isbn = {9781538659922},
    keywords = {approximate computing, bayesian networks, functional approxima-, quality metrics, tion}
}

@article{Martina,
    title = {{Public key encryption with mbed TLS.}},
    author = {Martin, Trevor and Specialist, A R M Technical}
}

@incollection{Traber2017,
    title = {{PULPino : Datasheet}},
    year = {2017},
    author = {Traber, Andreas and Gautschi, Michael}
}

@book{Hall2009Py3AB,
    title = {{Python 3 for Absolute Beginnersâ}},
    year = {2009},
    author = {Hall, Tim and Stacey, J-P},
    pages = {300},
    isbn = {9781430216322},
    doi = {10.1007/978-1-4302-1633-9},
    issn = {9781430216339 1430216336},
    keywords = {hon 3 for absolute}
}

@article{Raha2015,
    title = {{Quality configurable reduce-and-rank for energy efficient approximate computing}},
    year = {2015},
    journal = {Design, Automation Test in Europe Conference Exhibition (DATE), 2015},
    author = {Raha, Arnab and Venkataramani, Swagath and Raghunathan, Vijay and Raghunathan, Anand},
    pages = {665--670},
    url = {http://ieeexplore.ieee.org/xpl/articleDetails.jsp?arnumber=7309615},
    isbn = {9783981537048},
    doi = {10.7873/DATE.2015.0569},
    issn = {15301591},
    keywords = {Approximation algorithms, Approximation methods, Calibration, Correlation, Kernel, RnR computation pattern, Training, application-level quality, approximation theory, computation skipping, data mining, energy efficient approximate computing, interleaved reduction-and-ranking, kernel-level quality metric, pattern recognition, precision scaling, quality configurable reduce-and-rank, search and data mining, search problems, video processing, video recognition}
}

@article{Viola2001,
    title = {{Rapid object detection using a boosted cascade of simple features}},
    year = {2001},
    journal = {Computer Vision and Pattern Recognition (CVPR)},
    author = {Viola, P and Jones, M},
    number = {C},
    pages = {I--511--I--518},
    volume = {1},
    isbn = {0-7695-1272-0},
    doi = {10.1109/CVPR.2001.990517},
    issn = {1063-6919},
    pmid = {7143246},
    keywords = {AdaBoost, Detectors, Face detection, Filters, Focusing, Image representation, Integral Image, Machine learning, Object detection, Pixel, Robustness, Skin, background regions, boosted simple feature cascade, classifiers, face detection, feature extraction, image classification, image processing, image representation, integral image, learning (artificial intelligence), machine learning, object detection, object specific focus-of-attention mechanism, rapid object detection, real-time applications, statistical guarantees, visual object detection}
}

@article{Shafik2018,
    title = {{Real-Power Computing}},
    year = {2018},
    journal = {IEEE Transactions on Computers},
    author = {Shafik, Rishad and Yakovlev, Alex and Das, Shidhartha},
    number = {10},
    pages = {1445--1461},
    volume = {67},
    publisher = {IEEE},
    doi = {10.1109/TC.2018.2822697},
    issn = {15579956},
    keywords = {Embedded systems, Energy harvesting, Energy transparency, Energy-driven computing, Energy-modulated computing, Low-power design, Power-compute co-design, Power-neutral computing, Power-proportional computing, Run-time systems, Survivability, Transient computing, Worst-case power consumption}
}

@misc{amit2014real,
    title = {{Real-time image compression}},
    year = {2014},
    author = {Amit, Jonathan and Demidov, Lilia and Halowani, Nir and Shalev, Ori},
    number = {19},
    volume = {1},
    publisher = {Google Patents},
    isbn = {2009009274}
}

@article{Wood2002,
    title = {{Recording technologies for terabit per square inch systems}},
    year = {2002},
    journal = {IEEE Transactions on Magnetics},
    author = {Wood, Roger W. and Miles, Jim and Olson, Terry},
    number = {4 I},
    pages = {1711--1718},
    volume = {38},
    publisher = {IEEE},
    isbn = {0018-9464},
    doi = {10.1109/TMAG.2002.1017761},
    issn = {00189464},
    keywords = {Areal density, Data rate, Magnetic recording}
}

@article{Houssein2015,
    title = {{Redefining the Data Center Edge}},
    year = {2015},
    author = {Houssein, Ahmet and President, Senior Vice and Unit, Ethernet Business},
    pages = {1--36}
}

@book{Sutton,
    title = {{Reinforcement learning : an introduction}},
    author = {Sutton, Richard S. and Barto, Andrew G.}
}

@article{Littman2015,
    title = {{Reinforcement learning improves behaviour from evaluative feedback}},
    year = {2015},
    journal = {Nature},
    author = {Littman, Michael L.},
    number = {7553},
    pages = {445--451},
    volume = {521},
    isbn = {0028-0836},
    doi = {10.1038/nature14540},
    issn = {14764687},
    pmid = {26017443}
}

@article{RonWilson,
    title = {{Rethinking the Internet of Things}},
    journal = {System Design (Altera)},
    author = {Wilson, Ron},
    url = {http://systemdesign.altera.com/rethinking-the-internet-of-things/?utm_source=altera&utm_medium=email&utm_campaign=system_design_journal&utm_content=}
}

@incollection{Traeber2017,
    title = {{RI5CY : User Manual}},
    year = {2017},
    author = {Traeber, Andreas and Gautschi, Michael and Schiavone, Pasquale Davide},
    number = {November},
    pages = {1--60},
    keywords = {Pulp, RISC V}
}

@article{Viola2004,
    title = {{Robust real-time face detection}},
    year = {2004},
    journal = {International journal of computer vision},
    author = {Viola, Paul and Jones, Mj},
    number = {2},
    pages = {137--154},
    volume = {57},
    url = {http://link.springer.com/article/10.1023/B:VISI.0000013087.49260.fb},
    isbn = {0769511430},
    doi = {10.1023/B:VISI.0000013087.49260.fb},
    issn = {0920-5691},
    keywords = {boosting, face detection, human sensing}
}

@article{Viola2001a,
    title = {{Robust real-time object detection}},
    year = {2001},
    journal = {International Journal of Computer Vision},
    author = {Viola, Paul and Jones, Michael},
    number = {2},
    pages = {137â154},
    volume = {57},
    url = {http://scholar.google.com/scholar?hl=en&btnG=Search&q=intitle:Robust+Real-time+Object+Detection#0},
    isbn = {1094670599130},
    doi = {http://dx.doi.org/10.1023/B:VISI.0000013087.49260.fb},
    issn = {09205691},
    pmid = {7143246}
}

@incollection{Rockchip2017,
    title = {{Rockchip TRM RK3399 Data sheet}},
    year = {2017},
    author = {Rockchip, Fuzhou and Co, Electronics}
}

@article{Khudia2015Rumba,
    title = {{Rumba An Online Quality Management System for Approximate Computing}},
    year = {2015},
    journal = {Proceedings of the 42nd Annual International Symposium on Computer Architecture - ISCA '15},
    author = {Khudia, Daya S and Zamirai, Babak and Samadi, Mehrzad and Mahlke, Scott},
    pages = {554--566},
    url = {http://doi.acm.org/10.1145/2749469.2750371%5Cnhttp://dl.acm.org/citation.cfm?doid=2749469.2750371},
    isbn = {9781450334020},
    doi = {10.1145/2749469.2750371},
    issn = {10636897}
}

@techreport{Limited2018,
    title = {{Running AlexNet on Raspberry Pi with Compute Library 1 Overview}},
    year = {2018},
    author = {Limited, ARM},
    pages = {1--10},
    keywords = {alexnet, artificial intelligence, compute library, machine learning, neural network, raspberry pi}
}

@article{Sengupta2017,
    title = {{SABER : Selection of Approximate Bits for the Design of Error Tolerant Circuits}},
    year = {2017},
    author = {Sengupta, Deepashree and Snigdha, Farhana Sharmin and Hu, Jiang and Sapatnekar, Sachin S},
    isbn = {9781450349277}
}

@article{Samadi2013,
    title = {{SAGE: Self-Tuning Approximation for Graphics Engines}},
    year = {2013},
    journal = {Micro},
    author = {Samadi, Mehrzad and Lee, Janghaeng and Jamshidi, D Anoushe and Hormati, Amir and Mahlke, Scott},
    url = {http://cccp.eecs.umich.edu/papers/samadi-micro13.pdf},
    isbn = {9781450326384},
    keywords = {all or part of, approximation, compiler, gpu, is granted without fee, not, optimization, or hard copies of, permission to make digital, provided that copies are, sonal or classroom use, this work for per-}
}

@inproceedings{Hou2007,
    title = {{Saliency Detection: A Spectral Residual Approach}},
    year = {2007},
    booktitle = {IEEE Conference on Computer Vision and Pattern Recognition},
    author = {Hou, Xiaodi and Zhang, Liqing},
    publisher = {IEEE},
    address = {Minneapolis, MN, USA},
    isbn = {1424411807},
    doi = {10.1109/CVPR.2007.383267},
    keywords = {Computational modeling, Humans, Image analysis, Image coding, Machine vision, Object detection, Object recognition, Redundancy, Statistical distributions, Visual system}
}

@article{Chippa2014NewAvenues,
    title = {{Scalable effort hardware design}},
    year = {2014},
    journal = {IEEE Transactions on Very Large Scale Integration (VLSI) Systems},
    author = {Chippa, Vinay Kumar and Mohapatra, Debabrata and Roy, Kaushik and Chakradhar, Srimat T. and Raghunathan, Anand},
    number = {9},
    pages = {2004--2016},
    volume = {22},
    isbn = {9781450300025},
    doi = {10.1109/TVLSI.2013.2276759},
    issn = {10638210},
    keywords = {Algorithms, Approximate computing, Design, Scalable effort hardware}
}

@article{Venkataramani2015ml,
    title = {{Scalable-effort classifiers for energy-efficient machine learning}},
    year = {2015},
    journal = {Proceedings of the 52nd Annual Design Automation Conference on - DAC '15},
    author = {Venkataramani, Swagath and Raghunathan, Anand and Liu, Jie and Shoaib, Mohammed},
    pages = {1--6},
    url = {http://doi.acm.org/10.1145/2744769.2744904%5Cnhttp://dl.acm.org/citation.cfm?doid=2744769.2744904 http://dl.acm.org/citation.cfm?doid=2744769.2744904},
    isbn = {9781450335201},
    doi = {10.1145/2744769.2744904},
    issn = {0738100X},
    keywords = {Approximate Computing, Energy Efficiency, Input Adaptive Systems, Machine Learning Classifiers, approximate computing, energy efficiency, input adaptive systems, machine learning classifiers}
}

@article{Kumar2015,
    title = {{Scaling Networking Solutions for IoT Challenges and Opportunities}},
    year = {2015},
    author = {Kumar, Anil},
    number = {April}
}

@incollection{Knight,
    title = {{SCons 2.4.1 User Guide}},
    author = {Knight, Steven}
}

@article{Doyle2015,
    title = {{SDN and Open Ethernet Switches Empower Modern Data Center Networks}},
    year = {2015},
    author = {Doyle, Jeff},
    number = {April},
    pages = {1--17}
}

@inproceedings{Hughes2015SeagateKinetic,
    title = {{Seagate Kinetic Open Storage Platform}},
    author = {Hughes, James},
    keywords = {Storage capacity evolution}
}

@inproceedings{Fiennes2015,
    title = {{Securing the IoT {\ldots} from the device to the cloud Why be so concerned about IoT security ?}},
    year = {2015},
    author = {Fiennes, Hugo and Imp, Electric},
    number = {December},
    keywords = {Security, attacks, hacking}
}

@article{Arm2017,
    title = {{Security Manifesto}},
    year = {2017},
    author = {{Arm}},
    pages = {14},
    url = {https://pages.arm.com/iot-security-manifesto.html}
}

@article{Van-den-Bergh2015,
    title = {{SEEDS: Superpixels Extracted Via Energy-Driven Sampling}},
    year = {2015},
    journal = {International Journal of Computer Vision},
    author = {Van den Bergh, Michael and Boix, Xavier and Roig, Gemma and Van Gool, Luc},
    number = {3},
    pages = {298--314},
    volume = {111},
    isbn = {9783642337857},
    doi = {10.1007/s11263-014-0744-2},
    issn = {15731405},
    arxivId = {1309.3848},
    keywords = {Segmentation, Superpixels, clustering, hill-climbing, histograms, over-segmentation}
}

@article{Beitelmal2014,
    title = {{Servers and data centers energy performance metrics}},
    year = {2014},
    journal = {Energy and Buildings},
    author = {Beitelmal, A. H. and Fabris, D.},
    pages = {562--569},
    volume = {80},
    publisher = {Elsevier B.V.},
    url = {http://dx.doi.org/10.1016/j.enbuild.2014.04.036},
    isbn = {0378-7788},
    doi = {10.1016/j.enbuild.2014.04.036},
    issn = {03787788},
    keywords = {Cooling, DC performance metric, DC productivity metric, Data center, Data centre: Power, Distribution, Efficiency metric, Energy, PUE, Power, Server efficiency}
}

@article{Mohapatra2009,
    title = {{Significance Driven Computation : A Voltage-Scalable , Variation-Aware , Quality-Tuning Motion Estimator}},
    year = {2009},
    journal = {Proceedings of the 14th ACM/IEEE international symposium on Low power electronics and design - ISLPED '09},
    author = {Mohapatra, Debabrata and Karakonstantis, Georgios and Roy, Kaushik},
    pages = {195},
    url = {http://portal.acm.org/citation.cfm?doid=1594233.1594282},
    isbn = {9781605586847},
    doi = {10.1145/1594233.1594282},
    issn = {15334678},
    keywords = {low power, motion estimation, significance driven computation, variation aware, voltage over-scaling}
}

@article{Karakonstantis2011,
    title = {{Significance Driven Computation on Next-Generation Unreliable Platforms}},
    year = {2011},
    journal = {DAC},
    author = {Karakonstantis, Georgios and Bellas, Nikolaos and Antonopoulos, Christos and Tziantzioulis, Georgios and Gupta, Vaibhav and Roy, Kaushik},
    pages = {290--291},
    isbn = {9781450306362},
    keywords = {approximate computing, energy efficient, software}
}

@article{Burke2017,
    title = {{Significance-driven adaptive approximate computing for energy-efficient image processing applications}},
    year = {2017},
    journal = {Proc. Twelfth IEEE/ACM/IFIP Int. Conf. Hardware/Software Codesign Syst. Synth. Companion - CODES '17},
    author = {Burke, Dave and Jenkus, Dainius and Qiqieh, Issa and Shafik, Rishad and Das, Shidhartha and Yakovlev, Alex and Shaffk, R. and Das, Shidhartha and Yakovlev, Alex},
    pages = {1--2},
    volume = {1},
    url = {http://dl.acm.org/citation.cfm?doid=3125502.3125554},
    isbn = {9781450351850},
    doi = {10.1145/3125502.3125554}
}

@article{Shafik2009,
    title = {{Soft error-aware design optimization of low power and time-constrained embedded systems}},
    year = {2010},
    journal = {Des. Autom. {\&}amp; Test Eur. Conf. {\&}amp; Exhib. (DATE), 2010},
    author = {Shafik, R.a. and Al-Hashimi, B.M. M and Chakrabarty, K.},
    pages = {0--5},
    isbn = {978-1-4244-7054-9},
    issn = {1530-1591}
}

@article{Ayub2017,
    title = {{Statistical Error Analysis for Low Power Approximate Adders}},
    year = {2017},
    journal = {Dac},
    author = {Ayub, Muhammad Kamran and Hasan, Osman and Shafique, Muhammad},
    isbn = {9781450349277},
    keywords = {accuracy, approximate computing, error, low power, performance, probabilis-, scalability, tic analysis}
}

@article{Godtliebsen2004,
    title = {{Statistical significance of features in digital images}},
    year = {2004},
    journal = {Image and Vision Computing},
    author = {Godtliebsen, F. and Marron, J. S. and Chaudhuri, Probal},
    number = {13},
    pages = {1093--1104},
    volume = {22},
    doi = {10.1016/j.imavis.2004.05.002},
    issn = {02628856},
    keywords = {Curvature, Data centre, Gradient, Kernel smoothing, Scale space, SiZer, Statistical significance, power consumption}
}

@article{Turner2015,
    title = {{Storage for the Internet of Things}},
    year = {2015},
    author = {Turner, Paul and Storage, Cloudian},
    number = {April}
}

@article{Paul2015,
    title = {{Supercomputing Clusters with RapidIO Interconnect Fabric}},
    year = {2015},
    author = {Paul, Devashish and Marketing, Strategic and Solutions, Systems}
}

@article{Cui2012a,
    title = {{Temporal Spectral Residual for fast salient motion detection}},
    year = {2012},
    journal = {Neurocomputing},
    author = {Cui, Xinyi and Liu, Qingshan and Zhang, Shaoting and Yang, Fei and Metaxas, Dimitris N.},
    pages = {24--32},
    volume = {86},
    publisher = {Elsevier},
    url = {http://dx.doi.org/10.1016/j.neucom.2011.12.033},
    doi = {10.1016/j.neucom.2011.12.033},
    issn = {09252312},
    keywords = {Computer vision, Motion saliency detection, Spectral Residual}
}

@article{Tarantola2004,
    title = {{Tensors for Beginners}},
    year = {2004},
    author = {Tarantola, Albert},
    number = {2},
    pages = {1--19}
}

@article{Raghuwanshi2016,
    title = {{Texture image retrieval using adaptive tetrolet transforms}},
    year = {2016},
    journal = {Digital Signal Processing: A Review Journal},
    author = {Raghuwanshi, Ghanshyam and Tyagi, Vipin},
    pages = {50--57},
    volume = {48},
    publisher = {Elsevier Inc.},
    url = {http://dx.doi.org/10.1016/j.dsp.2015.09.003},
    doi = {10.1016/j.dsp.2015.09.003},
    issn = {10512004},
    keywords = {Content-based image retrieval, Image search, Tetrolet transform, Texture image retrieval}
}

@inproceedings{Ambrosia2015EnMap,
    title = {{The 2015 Ethernet Roadmap}},
    year = {2015},
    booktitle = {Ethernet Technology summit},
    author = {Ambrosia, John D and Kipp, Scott G}
}

@article{Barroso2007,
    title = {{The Case for Energy-Proportional Computing}},
    year = {2007},
    journal = {IEEE Computing},
    author = {Barroso, Luiz AndrÃ© and H{\"{o}}lzle, Urs},
    number = {12},
    pages = {33--37},
    volume = {40}
}

@article{Matuska2012,
    title = {{The comparison of CPU time consumption for image processing algorithm in Matlab and OpenCV}},
    year = {2012},
    journal = {Proceedings of 9th International Conference, ELEKTRO 2012},
    author = {Matuska, Slavomir and Hudec, Robert and Benco, Miroslav},
    pages = {75--78},
    isbn = {9781467311793},
    doi = {10.1109/ELEKTRO.2012.6225575},
    keywords = {Matlab, OpenCV, computer vision, mutli-threading}
}

@article{Volder1959,
    title = {{The CORDIC Computing Technique}},
    year = {1959},
    journal = {the Western Joint Computer Conference},
    author = {Volder, Jack},
    pages = {5},
    url = {https://www.computer.org/csdl/proceedings/afips/1959/5054/00/50540257.pdf},
    isbn = {9783851253269},
    doi = {10.1145/1457838.1457886}
}

@article{Thompson2018,
    title = {{The Decline of Computers as a General Purpose Technology : Why Deep Learning and the End of Moore â s Law are Fragmenting Computing}},
    year = {2018},
    journal = {SSRN},
    author = {Thompson, Neil C and Spanuth, Svenja},
    url = {https://papers.ssrn.com/sol3/papers.cfm?abstract_id=3287769},
    keywords = {CPU, Computer Chips, Deep Learning, Economics of I.T., GPU, General Purpose Technology, Information Technology, Moore's Law, Processors}
}

@article{Wood2000,
    title = {{The feasibility of magnetic recording at 1 Terabit per square inch}},
    year = {2000},
    journal = {IEEE Transactions on Magnetics},
    author = {Wood, R.},
    number = {1},
    pages = {917--923},
    volume = {36},
    isbn = {0018-9464},
    doi = {10.1109/20.824422},
    issn = {0018-9464}
}

@article{Wood2009,
    title = {{The feasibility of magnetic recording at 10 terabits per square inch on conventional media}},
    year = {2009},
    journal = {IEEE Transactions on Magnetics},
    author = {Wood, Roger and Williams, Mason and Kavcic, Aleksandar and Miles, Jim},
    number = {2},
    pages = {917--921},
    volume = {45},
    isbn = {0018-9464 VO - 45},
    doi = {10.1109/TMAG.2008.2010676},
    issn = {00189464},
    keywords = {Areal-density, Capacity, Granular media, Magnetic recording, Shingled writing, Two-dimensional}
}

@misc{RupertGoodwins2015,
    title = {{The future of storage: 2015 and beyond}},
    year = {2015},
    booktitle = {ZDNet},
    author = {{Rupert Goodwins}},
    url = {http://www.zdnet.com/article/the-future-of-storage-2015-and-beyond/}
}

@article{Binkert2011,
    title = {{The gem5 Simulator}},
    year = {2011},
    journal = {Computer Architecture News},
    author = {Binkert, Nathan and Sardashti, Somayeh and Sen, Rathijit and Sewell, Korey and Shoaib, Muhammad and Vaish, Nilay and Hill, Mark D. M.D. D and Wood, David A. D.A. A and Beckmann, Bradford and Black, Gabriel and Reinhardt, Steven K. S.K. K and Saidi, Ali and Basu, Arkaprava and Hestness, Joel and Hower, Derek R. and Krishna, Tushar and Basil, A. and Hestness, Joel and Hower, Derek R. and Krishna, Tushar and Sardashti, Somayeh and Sen, Rathijit and Sewell, Korey and Shoaib, Muhammad and Vaish, Nilay and Hill, Mark D. M.D. D and Wood, David A. D.A. A},
    number = {2},
    pages = {1},
    volume = {39},
    url = {http://www.engineeringvillage.com/blog/document.url?mid=inspec_ef5502133370e5bf3M6a022061377553&database=ins%5Cnhttps://www.engineeringvillage.com/blog/document.url?mid=inspec_ef5502133370e5bf3M6a022061377553&database=ins%5Cnhttp://dl.acm.org/citation.cfm},
    isbn = {0163-5964},
    doi = {10.1145/2024716.2024718},
    issn = {0163-5964}
}

@article{preston1988need,
    title = {{The need for standards in image processing}},
    year = {1988},
    journal = {Nature},
    author = {Preston, Kendall},
    number = {6174},
    pages = {611--612},
    volume = {333},
    publisher = {Nature Publishing Group},
    url = {http://www.nature.com/doifinder/10.1038/333611a0},
    doi = {10.1038/333611a0},
    issn = {0028-0836}
}

@book{Tsuchiyama2010,
    title = {{The OpenCL Programming Book}},
    year = {2010},
    booktitle = {Group},
    author = {Tsuchiyama, Rjoji and Nakamura, Takashi and Iizuka, Takuro and Asahara, Akihiro and Miki, Satoshi},
    pages = {245 pages},
    url = {http://www.fixstars.com/en/company/books/opencl/}
}

@article{Shabtai2015,
    title = {{The Path to 400G Ethernet for Data Center Applications}},
    year = {2015},
    author = {Shabtai, Avi and Multiphy, C E O},
    number = {April}
}

@article{February2013,
    title = {{The Relationship Between the UNIVAC Computer and Evolutionary Programming}},
    year = {2013},
    author = {February, Alice},
    number = {1},
    pages = {1--2},
    volume = {3}
}

@article{Rodrigues2011,
    title = {{The structural simulation toolkit}},
    year = {2011},
    journal = {ACM SIGMETRICS Perform. Eval. Rev.},
    author = {Rodrigues, a. F. and CooperBalls, E. and Jacob, B. and Hemmert, K. S. and Barrett, B. W. and Kersey, C. and Oldfield, R. and Weston, M. and Risen, R. and Cook, J. and Rosenfeld, P.},
    number = {4},
    pages = {37},
    volume = {38},
    doi = {10.1145/1964218.1964225},
    issn = {01635999},
    keywords = {architecture, simulation}
}

@article{Martin2008,
    title = {{The Transport Layer Security Protocol}},
    year = {2008},
    journal = {Internet Engineering Task Force RFC},
    author = {Martin, T and Dierks, T. and Rescorla, E.},
    url = {http://tools.ietf.org/html/rfc5246}
}

@article{Granmo2018,
    title = {{The Tsetlin Machine - A Game Theoretic Bandit Driven Approach to Optimal Pattern Recognition with Propositional Logic}},
    year = {2018},
    author = {Granmo, Ole-Christoffer},
    pages = {1--36},
    url = {http://arxiv.org/abs/1804.01508},
    arxivId = {1804.01508},
    keywords = {bandit problem, game theory, interpretable pattern recognition, online learning, propo-, sitional logic, tsetlin automata games}
}

@article{Ousterhout2015Storage,
    title = {{The Volatile Future of Storage}},
    journal = {IEEE spectrum.},
    author = {Ousterhout, John},
    number = {Issue: 11, 2015},
    pages = {34 - 40},
    volume = {Volume: 52},
    keywords = {Storage future}
}

@article{Li2014ToF,
    title = {{Time-of-Flight CameraâAn Introduction}},
    year = {2014},
    journal = {Larray Li},
    author = {Li, Larry},
    number = {January},
    url = {http://www.ti.com/lit/wp/sloa190b/sloa190b.pdf%5Cnhttp://www.tij.co.jp/jp/lit/wp/sloa190/sloa190.pdf}
}

@article{Rohou2012,
    title = {{Tiptop: Hardware performance counters for the masses}},
    year = {2012},
    journal = {Proc. Int. Conf. Parallel Process. Work.},
    author = {Rohou, Erven},
    pages = {404--413},
    publisher = {IEEE},
    isbn = {9780769547954},
    doi = {10.1109/ICPPW.2012.58},
    issn = {15302016},
    keywords = {PMU, hardware counters, performance, tool}
}

@article{Raha2017,
    title = {{Towards Full-System Energy-Accuracy Tradeoffs : A Case Study of An Approximate Smart Camera System}},
    year = {2017},
    author = {Raha, Arnab and Raghunathan, Vijay},
    isbn = {9781450349277}
}

@inproceedings{Mahajan2016,
    title = {{Towards Statistical Guarantees in Controlling Quality Tradeoffs for Approximate Acceleration}},
    year = {2016},
    booktitle = {Proc. - 2016 43rd Int. Symp. Comput. Archit. ISCA 2016},
    author = {Mahajan, Divya and Yazdanbaksh, Amir and Park, Jongse and Thwaites, Bradley and Esmaeilzadeh, Hadi},
    isbn = {9781467389471},
    doi = {10.1109/ISCA.2016.16},
    issn = {1873-2968},
    pmid = {22209716},
    keywords = {Approximate computing, accelerators, quality control, statistical compiler optimization, statistical guarantees}
}

@book{Paar2010,
    title = {{Understanding Cryptography}},
    year = {2010},
    author = {Paar, Christof and Pelzl, Jan},
    publisher = {Springer},
    url = {http://link.springer.com/10.1007/978-3-642-04101-3},
    isbn = {978-3-642-44649-8},
    doi = {10.1007/978-3-642-04101-3},
    issn = {0717-6163},
    pmid = {15003161},
    arxivId = {arXiv:1011.1669v3},
    keywords = {AES Applied cryptography Crib Cryptography Cryptol}
}

@article{Ilyadis2015,
    title = {{Understanding the True Cost of SDN : It Starts with the Silicon {\ldots}. Nick Ilyadis Broadcom Corporation VP / CTO of Infrastructure and Networking Group}},
    year = {2015},
    author = {Ilyadis, Nick and Corporation, Broadcom and Group, Networking},
    number = {April}
}

@techreport{Buchner,
    title = {{Unit Testing improves Software Quality Unit Testing and the Classification Tree Method >}},
    author = {B{\"{u}}chner, Frank}
}

@article{Handbook2009,
    title = {{University Handbook for Examiners of Research Degrees by Theses}},
    year = {2009},
    author = {Handbook, The and Candidates, Nomination},
    number = {August},
    pages = {1--17}
}

@misc{Mijat2003,
    title = {{Unleashing the benefits of GPU Computing with ARM Mali}},
    year = {2003},
    author = {Mijat, Roberto (ARM)},
    number = {1},
    pages = {35--38},
    volume = {8},
    issn = {14689340},
    keywords = {GPU, Mali T6xx}
}

@article{Cheng2014,
    title = {{Using models at runtime to address assurance for self-adaptive systems}},
    year = {2014},
    journal = {Lecture Notes in Computer Science (including subseries Lecture Notes in Artificial Intelligence and Lecture Notes in Bioinformatics)},
    author = {Cheng, Betty H.C. C and Eder, Kerstin I. and Gogolla, Martin and Grunske, Lars and Litoiu, Marin and M{\"{u}}ller, Hausi A. and Pelliccione, Patrizio and Perini, Anna and Qureshi, Nauman A. and Rumpe, Bernhard and Schneider, Daniel and Trollmann, Frank and Villegas, Norha M.},
    pages = {101--136},
    volume = {8378 LNCS},
    isbn = {9783319089140},
    doi = {10.1007/978-3-319-08915-7{\_}4},
    issn = {16113349}
}

@article{Holmquist2015-100GInterop,
    title = {{Verifying Interoperability of 100G Optical Technologies}},
    year = {2015},
    author = {Holmquist, Neil},
    number = {April},
    pages = {1--7}
}

@article{Niklaus2017,
    title = {{Video frame interpolation via adaptive convolution}},
    year = {2017},
    journal = {Proceedings - 30th IEEE Conference on Computer Vision and Pattern Recognition, CVPR 2017},
    author = {Niklaus, Simon and Mai, Long and Liu, Feng},
    pages = {2270--2279},
    volume = {2017-Janua},
    isbn = {9781538604571},
    doi = {10.1109/CVPR.2017.244},
    issn = {15505499},
    arxivId = {1708.01692}
}

@article{Wang2004a,
    title = {{Video quality assessment based on structural distortion measurement}},
    year = {2004},
    journal = {Signal Processing: Image Communication},
    author = {Wang, Zhou and Lu, Ligang and Bovik, Alan C.},
    number = {2},
    pages = {121--132},
    volume = {19},
    isbn = {0780376226},
    doi = {10.1016/S0923-5965(03)00076-6},
    issn = {09235965},
    keywords = {Error sensitivity, Human visual system, Image quality assessment, Structural distortion, Video quality assessment, Video quality experts group (VQEG)}
}

@article{Gustlin,
    title = {{What is FlexEthernet ?}},
    author = {Gustlin, Mark and Xilinx, Faisal Dada}
}

@article{Xilinx2015,
    title = {{Why 25GE is the Best Choice for Data Centers Outline - update}},
    year = {2015},
    author = {Xilinx, Gilles Garcia},
    number = {April}
}

@inproceedings{Burke2016ChallengesApplications,
    title = {{Challenges and opportunities in research and education of heterogeneous many-core applications}},
    year = {2016},
    booktitle = {2016 11th European Workshop on Microelectronics Education, EWME 2016},
    author = {Burke, Dave and Shafik, Rishad A. and Yakovlev, Alex},
    month = {6},
    publisher = {Institute of Electrical and Electronics Engineers Inc.},
    isbn = {9781467385848},
    doi = {10.1109/EWME.2016.7496480},
    keywords = {Heterogeneous systems, electronics education, hardware/software co-design, many-core applications, run-time management}
}

@article{2015EnablingEcosystem,
    title = {{Enabling a Connected Ethernet Ecosystem}},
    year = {2015}
}

@article{2015EvolvingMinefield,
    title = {{Evolving Ethernet Speeds A Verification Minefield}},
    year = {2015},
    number = {April}
}

@article{2015Flexible,
    title = {{Flexible Policy-Based Switching for 100G Ethernet Using Programmable Logic Gateware Defined Networking {\textregistered}}},
    year = {2015},
    number = {April}
}

@inproceedings{Burke2017Significance-drivenApplications,
    title = {{Significance-driven adaptive approximate computing for energy-efficient image processing applications}},
    year = {2017},
    author = {Burke, Dave and Jenkus, Dainius and Qiqieh, Issa and Shafik, Rishad and Das, Shidhartha and Yakovlev, Alex},
    month = {10},
    pages = {1--2},
    publisher = {Association for Computing Machinery (ACM)},
    doi = {10.1145/3125502.3125554}
}

@article{Metwalli2019SSA-ACApproximate,
    title = {{SSA-AC : Static Significance Analysis for Approximate}},
    year = {2019},
    author = {Metwalli, Sara Ayman and Hara-azumi, Yuko},
    number = {3},
    volume = {24}
}

@misc{StratixSecurity,
    title = {{Stratix 10 Secure Device Manager Provides Best-in-Class FPGA and SoC Security}},
    url = {about:blank}
}